2654 3900
214 878 295 942 Post
320 878 504 962 passionem
531 877 654 942 domini
683 877 787 942 nostri
809 876 889 942 Jesu
912 876 1034 943 Christi
1056 879 1137 944 eius·
1157 877 1175 940 1

128 988 188 1050 que
207 965 384 1052 gloriosam
401 967 671 1030 resurrectionem
685 988 705 1030 a
718 967 855 1032 mortuis
870 970 903 1030 et
917 967 1137 1032 ascensionem

127 1055 161 1119 in
189 1056 313 1120 caelum
341 1055 536 1119 sanctissimi
560 1054 713 1138 apostoli,
741 1076 903 1138 quosquos
925 1055 1012 1119 idem
1036 1055 1137 1120 domi-

125 1165 186 1208 nus
213 1146 325 1208 noster
350 1141 446 1208 Jesns
474 1140 624 1208 Christus
654 1163 713 1226 pro
736 1143 935 1208 incremento
958 1143 1033 1207 fidei
1055 1143 1137 1208 chri-

100 1231 250 1296 tstianae
269 1232 304 1295 in
321 1231 384 1295 hoc
402 1231 521 1295 mundo
536 1231 720 1314 reliquerat,
739 1238 871 1314 accepta
885 1232 1019 1315 spiritus
1034 1232 1136 1296 sanct'

126 1320 233 1404 gratia
251 1319 387 1383 eandem
406 1319 502 1382 fidem
521 1321 654 1401 eiusque
673 1340 799 1384 sacram
816 1319 1051 1402 professionem
1069 1320 1137 1384 suis

126 1429 184 1491 per
206 1408 394 1472 universum
417 1407 527 1471 orbem
546 1409 773 1490 plantaverant
792 1407 945 1473 doctrinis
967 1412 1001 1472 et
1018 1409 1138 1493 glorio·

127 1496 171 1560 sis
195 1495 412 1578 irrigaverunt
434 1495 560 1568 meritis
585 1497 617 1559 et
641 1495 807 1579 exemplis.
844 1495 968 1572 Quibus
991 1497 1137 1561 invidens

126 1584 182 1647 ille
212 1584 364 1668 antiquus
391 1584 496 1648 hostis
528 1584 687 1648 bonorum
718 1584 862 1648 omnium
891 1585 1043 1650 inimicus
1073 1585 1139 1649 dia

88 1673 221 1736 1⁰bolus
249 1692 342 1756 reges
370 1675 404 1736 et
430 1671 593 1755 principes
624 1693 661 1736 ac
687 1673 856 1737 universos
888 1672 985 1737 huius
1018 1674 1139 1737 saeculi

126 1760 291 1844 praesides
315 1761 468 1825 adversus
489 1760 619 1835 eosdem
641 1758 766 1824 Christi
784 1761 951 1844 apostolos
970 1761 1139 1826 suscitavit

128 1852 160 1913 et
178 1849 218 1912 ad
236 1870 349 1913 eorum
372 1848 630 1932 persecutionem
655 1847 790 1913 diversis
810 1871 886 1912 suae
909 1849 1059 1914 fallaciae
1078 1850 1139 1913 viis

128 1941 161 2000 et
183 1937 286 2002 modis
314 1936 465 2001 incitavit
487 1958 525 2001 ac
552 1936 684 2000 tandem
712 1936 868 2020 quosdam
891 1959 930 2001 ex
959 1938 1007 2003 eis
1035 1938 1139 2002 crucis

127 2025 274 2108 patibulo
312 2025 402 2109 affigi
435 2025 591 2109 quosdam
622 2046 698 2089 vero
738 2025 846 2109 gladio
883 2025 1027 2109 aliosque
1064 2027 1138 2091 aliis

87 2129 113 2170 rs
128 2113 327 2177 diversorum
354 2117 592 2178 tormentorum
615 2112 783 2196 suppliciis
813 2112 963 2178 interemi
987 2136 1139 2198 procura-

129 2200 184 2264 vit.
221 2199 311 2265 Inter
334 2223 414 2283 quos
438 2201 574 2285 gloriosi
597 2201 679 2266 caeli
698 2204 732 2266 et
750 2204 856 2266 terrae
879 2202 1041 2286 principes
1064 2204 1139 2268 bea·

127 2286 248 2352 tissimi
275 2289 426 2354 videlicet
448 2289 563 2354 Petrus
591 2294 625 2354 et
646 2289 769 2354 Paulus
801 2290 941 2374 apostoli
966 2291 1139 2357 orthodoxi

128 2380 161 2440 et
185 2377 364 2442 catholicae
387 2378 462 2443 fidei
485 2378 672 2442 fundatores
695 2379 811 2443 urbem
828 2376 967 2444 Romam
987 2401 1045 2444 suo
1068 2402 1139 2463 pre·

127 2465 213 2528 tioso
233 2465 391 2548 sanguine
415 2468 448 2529 et
467 2467 623 2550 martyrio
646 2488 706 2549 pro
726 2467 867 2531 eiusdem
891 2467 1012 2533 domini
1035 2468 1140 2532 nostri

86 2571 112 2611 ao
126 2551 208 2617 Jesu
232 2551 354 2617 Christi
382 2554 445 2618 fide
473 2558 506 2618 et
528 2554 730 2620 confessione
756 2561 984 2620 consecrarunt
1007 2578 1044 2620 ac
1067 2579 1139 2622 ean·

127 2641 199 2706 dem
219 2662 286 2705 non
306 2643 411 2706 solum
434 2641 636 2724 imperialem
656 2643 768 2707 urbem
787 2643 843 2707 sed
861 2647 896 2707 et
914 2644 1018 2708 totius
1042 2647 1140 2710 eccle·

127 2730 195 2794 siae
219 2751 257 2795 ac
278 2729 421 2796 eiusdem
444 2731 518 2795 fidei
538 2730 732 2814 christianae
751 2734 848 2815 caput
866 2753 903 2797 ac
920 2731 1140 2797 universalem

127 2818 237 2883 sedem
265 2819 335 2882 fieri
366 2841 402 2883 ac
429 2819 465 2882 in
498 2822 663 2884 aeternum
692 2840 822 2884 manere
854 2822 887 2884 et
915 2839 985 2884 csse
1016 2821 1141 2887 dedica·

125 2908 251 2970 verunt.

200 3103 214 3150 1
240 3096 382 3166 Cupitum,
405 3116 474 3168 qaus
496 3101 527 3154 ia
550 3099 688 3154 codicibus
706 3114 822 3168 prorsus
840 3115 897 3153 ooo
921 3100 1139 3167 distinguuntur,

125 3185 253 3223 numeros
282 3169 340 3238 ipsc
362 3171 468 3226 addidi.
582 3176 597 3224 7
620 3168 799 3238 plantaverat
826 3171 916 3238 codd,
942 3169 1142 3239 plantaverant

126 3241 234 3308 scripsi.
306 3247 322 3296 8
336 3239 496 3310 irrIgaverit
509 3242 596 3308 codd„
615 3239 802 3310 irrigaverunt
818 3243 926 3310 scripsi.
999 3246 1031 3295 1⁷
1047 3239 1141 3293 ortho-

128 3325 195 3380 doxi
222 3329 265 3394 D,
290 3327 420 3382 ortodoxi
442 3329 478 3384 F.
584 3335 616 3383 19
643 3328 778 3398 sangnine
806 3330 902 3384 delevit
925 3329 967 3395 D,
992 3315 1089 3398 sagma
1104 3327 1140 3382 F.

127 3403 162 3451 22
187 3398 291 3468 capud,
314 3416 371 3455 coa
389 3403 474 3468 caput
498 3405 530 3456 ci
551 3401 600 3455 toc
623 3402 680 3456 loco
697 3402 737 3456 sic
758 3401 851 3457 ceteris
869 3402 901 3454 ic
919 3400 1056 3455 codicibus
1074 3399 1142 3454 scri·

127 3468 218 3534 titum
236 3471 309 3526 locas
327 3471 359 3525 ic
376 3471 406 3524 D
422 3471 526 3536 atridas
542 3476 588 3526 cst.

181 3569 268 3608 hostii
281 3570 381 3610 auctoris
396 3570 424 3612 de
439 3569 589 3619 Constantino
603 3581 692 3620 magno.
965 3566 979 3613 1
