2654 3900
574 175 769 238 ..8.-

168 332 319 418 petistis'.
346 331 462 396 Altera
477 339 584 396 autem
598 333 650 396 die
665 333 831 397 universos
847 333 896 397 sui
910 333 1038 416 imperii
1052 334 1179 398 nobiles

169 424 201 484 et
215 420 371 504 primatos
386 421 562 504 imperator
576 442 634 503 per
647 421 779 484 nuntios
795 443 870 486 suos
885 425 917 484 εὴ
931 422 1058 486 litteras
1073 420 1181 486 vocari

167 508 246 573 fecit
269 509 309 572 ad
332 514 455 573 certam
479 513 636 573 statutam
662 509 748 573 diem
772 510 812 573 ad
831 510 990 594 agendum
1012 508 1180 574 sollemnia

168 597 363 680 nuptiarum.

120 681 160 744 11
244 684 324 756 ,Die
342 703 419 749 vero
440 688 563 750 statuta
581 679 769 750 adveniente
788 707 825 750 ac
841 687 999 751 universis
1018 685 1182 750 nobilibus
1198 701 1213 740 ⁵

170 777 207 837 ut
243 774 463 856 praemittitur
502 773 708 859 congregat-is
740 774 917 859 imperator
952 775 1054 838 filiam
1091 795 1183 838 suam

170 861 298 926 unicam
326 861 474 944 praefato
498 861 712 941 Constantino
740 862 774 926 in
800 863 882 948 facie
906 863 1048 930 omnium
1071 862 1183 926 matri·

172 949 359 1014 monialiter
386 953 420 1014 ct
446 950 648 1015 sollemniter
675 951 840 1034 copulavit
862 956 909 1033 et,
938 955 976 1015 ut
1001 951 1101 1015 moris
1126 953 1184 1033 est,

170 1038 274 1123 regali
293 1039 439 1103 thalamo
462 1043 657 1123 praeparato
677 1061 749 1103 eam
769 1039 833 1104 sibi
851 1039 996 1103 maritali
1015 1039 1184 1114 affectione

169 1126 250 1191 inibi
279 1127 542 1214 pertractandam
574 1127 718 1192 sociavit.
769 1125 1002 1194 Constantinus
1034 1148 1111 1191 vero
1138 1126 1184 1190 de
1200 1147 1227 1186 1o

169 1215 231 1279 tali
255 1215 392 1298 coniuge
416 1219 449 1279 et
467 1215 556 1279 socia
579 1216 660 1280 bene
680 1218 851 1281 contentus
876 1237 947 1279 eam
971 1237 1044 1280 cum
1066 1213 1184 1300 gaudio

172 1304 350 1387 suscipiens
370 1304 488 1368 osculis
508 1306 541 1368 et
564 1304 765 1387 amplexibus
786 1325 822 1368 ac
841 1305 971 1386 ceteris,
994 1325 1076 1387 quae
1099 1304 1184 1368 inter

170 1392 254 1456 tales
274 1393 426 1476 coniuges
445 1391 577 1456 iuvenes
592 1396 624 1456 et
642 1391 762 1456 hilares
783 1393 924 1456 exerceri
941 1396 1183 1472 consueverunt,

169 1480 253 1544 ludis
282 1477 315 1543 et
343 1479 471 1544 solaciis
499 1501 564 1545 non
596 1483 725 1547 tantum
756 1480 813 1544 illa
840 1481 897 1544 sad
929 1480 1041 1544 multis
1068 1484 1184 1564 postea

168 1568 318 1632 noctibus
349 1572 518 1653 tamquam
549 1590 683 1633 uxorem
716 1567 930 1633 amicabiliter
961 1568 1183 1652 pertractavit.
1198 1585 1225 1628 15

168 1655 265 1720 Mane
289 1660 397 1721 autem
423 1656 510 1720 facto
537 1678 692 1721 naccum
719 1657 814 1740 plene
842 1677 959 1721 aurora
989 1660 1097 1721 ortum
1120 1656 1184 1720 diei

169 1744 383 1828 patefaceret,
410 1744 589 1828 imperator
617 1745 786 1810 associatis
815 1745 878 1809 sibi
911 1744 1027 1828 puellis
1056 1745 1089 1809 et
1117 1766 1183 1808 ma-

169 1834 272 1900 tronis
292 1833 406 1897 multis
426 1837 459 1898 et
477 1833 644 1897 nobilibus
668 1855 824 1916 sponsum
844 1834 952 1916 ipsum
976 1837 1009 1897 et
1032 1853 1184 1916 sponsam

170 1943 242 1986 cum
272 1920 415 2004 cytharis
446 1925 479 1984 et
506 1921 637 2005 organis
666 1924 699 1984 et
726 1921 927 1985 diversorum
956 1941 1110 2004 generum
1136 1921 1184 1983 in-

170 2010 358 2074 strumentis
393 2009 603 2073 musicalibus
634 2012 667 2073 et
696 2029 815 2092 magno
845 2008 987 2092 tripudio
1017 2011 1055 2072 ut
1084 2008 1183 2073 moris
1198 2027 1225 2066 aa

170 2101 221 2162 est
248 2098 385 2163 visitans
412 2098 452 2161 de
479 2097 626 2162 thalamo
659 2095 779 2162 eduxit.
824 2096 872 2161 Ac
904 2097 1083 2180 imperator
1114 2097 1183 2180 ipse

169 2208 234 2250 una
254 2208 326 2250 curn
344 2185 549 2270 imperatrice
570 2190 603 2250 et
622 2185 780 2249 universis
799 2185 999 2269 principibus
1017 2184 1183 2250 nobilibus
1258 2249 1259 2254 ,

171 2275 238 2338 suis
262 2281 295 2338 et
318 2273 479 2338 militibus
503 2274 683 2338 observatis
708 2273 911 2338 caerimoniis
935 2274 1098 2338 consuetis
1122 2274 1183 2336 sol-

170 2362 375 2426 lemnitatem
393 2363 581 2445 nuptiarum
599 2362 634 2425 in
657 2361 812 2426 conviviis
838 2366 872 2426 et
894 2361 1183 2426 comessationibus

168 2450 322 2534 tripudiis
350 2452 383 2513 et
409 2449 594 2514 hastiludiis
622 2452 655 2513 et
687 2448 761 2513 aliis
789 2449 875 2514 ludis
906 2453 938 2513 et
969 2449 1099 2515 solaciis
1127 2450 1224 2513 imas

169 2539 325 2622 perialem
352 2537 558 2602 maiestatem
586 2536 834 2602 condecentibus
866 2541 970 2602 totam
996 2538 1082 2602 diem
1113 2559 1185 2602 cum

170 2626 415 2691 continuatione
433 2626 648 2709 plurimorum
662 2627 866 2709 sequentium
880 2626 1005 2690 dierum
1025 2626 1184 2691 deducens

172 2715 374 2779 sollemniter
391 2713 567 2779 honorifice
587 2717 619 2778 et
638 2714 845 2778 celeberrime
863 2714 976 2799 peragi
993 2714 1186 2796 procuravit.

119 2799 160 2862 12
258 2801 340 2867 Post
357 2802 438 2868 haec
460 2803 602 2886 peractis
626 2800 750 2865 duobus
770 2802 822 2866 vel
845 2802 949 2865 tribus
969 2803 1134 2866 mensibus
1154 2806 1186 2866 et

169 2892 204 2956 in
224 2891 352 2956 solaciis
376 2891 629 2975 congruentibus
648 2889 794 2955 deductis
813 2894 1009 2956 mercatores
1028 2891 1185 2974 praedicti
1198 2908 1224 2948 ³0

240 3089 255 3138 2
275 3099 326 3152 per
348 3081 481 3136 nunccios
505 3096 569 3135 suos
594 3082 624 3135 et
646 3079 757 3136 litteras
780 3081 825 3148 D,
850 3097 901 3150 per
920 3098 984 3136 suos
1003 3079 1137 3135 nunccios
1156 3081 1187 3135 et

167 3154 278 3208 litteras
294 3153 329 3210 F.
395 3152 494 3208 3fecit
506 3154 545 3220 D,
560 3153 636 3222 cepit
646 3151 682 3206 F.
746 3150 915 3221 sollempnia
925 3151 964 3220 D,
980 3149 1136 3222 solempnia
1149 3150 1184 3205 F.

168 3231 185 3279 8
205 3223 400 3294 sollempniter
414 3225 489 3279 codd.
565 3229 596 3276 13
616 3222 732 3277 iuvenes
747 3223 777 3276 et
789 3223 834 3289 D,
853 3224 882 3277 et
898 3240 948 3278 om.
964 3223 999 3278 F.
1072 3219 1184 3287 hylares

168 3297 245 3351 codd.
337 3302 369 3349 16
393 3295 460 3348 dum
478 3295 569 3360 codd,
593 3310 656 3346 cum
680 3294 790 3349 conieci.
880 3299 914 3349 23
944 3291 1183 3361 sollempnitatem

167 3364 333 3435 nupciarum
355 3368 431 3422 codd.
504 3370 538 3419 27
564 3363 743 3432 sequencium
767 3365 843 3419 codd.
921 3364 1062 3418 deducens
1084 3365 1184 3434 scrapsi

165 3453 218 3507 pro
237 3439 360 3492 codicum
377 3439 516 3507 scriptura
535 3434 712 3491 deducentes.
786 3440 820 3489 28
840 3433 1034 3505 sollempniter
1051 3434 1128 3490 codd.
