2654 3900
551 204 803 274 '-30-

186 368 369 452 praedictos
393 371 534 432 tractate
555 367 698 449 fuerant,
722 365 958 432 consummavit
983 370 1016 431 et
1041 367 1203 451 imperiali

187 457 381 522 auctoritate
418 456 629 522 confirmavit.
679 455 838 521 Similiter
874 456 930 540 qui
966 455 1202 522 ambasiatores

186 545 394 629 imperatoris
425 543 627 610 Graecorum
650 566 690 609 ex
716 549 810 628 perte
833 543 976 609 eiusdem
1006 543 1130 609 domini
1153 546 1204 609 sui

189 636 223 697 et
246 655 341 718 quem
368 634 409 698 ad
435 634 566 698 modum
596 633 638 698 ab
665 634 738 716 ipso
761 635 949 716 receperant
976 633 1011 697 in
1031 632 1205 717 mandatis,

187 721 334 786 fecenmt
351 721 420 787 rice
437 743 541 787 versa.
578 721 627 787 Ac
645 722 716 806 ipse
734 719 961 805 Constantine,
981 721 1231 798 Romanorum

188 811 380 894 imperator,
407 810 510 875 filium
540 832 633 875 suum
663 807 914 875 Constantinum
940 831 1005 874 una
1033 831 1107 874 cum
1130 831 1204 875 con-

187 899 264 982 iuge
297 899 332 963 in
362 898 510 964 Romano
537 899 676 982 imperio
703 899 838 963 heredes
866 897 931 963 sibi
962 902 1038 983 post
1066 901 1205 964 mortem

189 1007 281 1052 snam
310 1008 515 1052 successuros
542 987 665 1051 ibidem
693 1008 803 1052 coram
829 987 982 1053 universo
1013 989 1127 1052 senatu
1157 987 1204 1050 in-

187 1075 299 1140 stituit
325 1097 422 1140 manu
450 1077 595 1159 propria:
628 1076 713 1160 quod
737 1079 769 1140 et
795 1075 860 1159 ipsi
887 1075 1123 1140 ambasiatores
1146 1075 1204 1139 im·

186 1164 349 1249 peratoris
373 1163 569 1228 Graecorum
599 1164 637 1228 de
666 1164 803 1248 imperio
834 1162 1030 1228 Graecorum
1057 1163 1203 1228 fecerunt
1218 1179 1246 1220 10

187 1274 204 1316 e
234 1273 398 1317 converso.
441 1251 504 1317 His
536 1274 614 1318 vero
642 1253 793 1318 omnibus
819 1253 961 1336 peractis
990 1248 1203 1316 Constantius

185 1339 255 1406 filio
275 1338 488 1406 Constantino
513 1344 546 1404 et
569 1362 647 1405 suae
670 1340 802 1424 coniugi
824 1362 898 1405 cum
921 1361 959 1405 ea
983 1339 1204 1406 sollemnitate

185 1429 258 1493 fieri
280 1428 359 1493 fecit
380 1428 512 1511 nuptias
537 1451 574 1493 ae
598 1430 625 1493 si
648 1430 705 1493 illo
729 1429 780 1493 die
804 1434 912 1494 essent
931 1428 1073 1512 primum
1091 1429 1205 1493 matri-

185 1517 374 1583 monialiter
406 1517 558 1600 copulati.
609 1516 855 1582 Ambasiatores
887 1537 963 1582 vero
995 1517 1203 1601 imperatoris

189 1603 386 1670 Graecorum
406 1608 483 1688 post
504 1605 566 1670 hoc
586 1627 658 1670 cum
677 1606 806 1689 magnis
825 1605 1013 1670 muneribus
1033 1609 1246 1689 etmegn015

186 1693 310 1758 honore
333 1694 524 1759 reviserunt.

133 1776 176 1841 48
277 1781 424 1858 Qualiter
456 1786 565 1846 antem
598 1778 833 1847 Constantinus
863 1784 992 1846 mortno
1023 1803 1081 1846 suo
1110 1785 1204 1866 patre

189 1868 384 1936 Constantio
407 1871 442 1934 in
464 1869 612 1935 Romano
636 1870 773 1955 imperio
797 1874 830 1935 et
852 1873 982 1934 mortuo
1010 1891 1068 1936 sno
1093 1891 1204 1936 socero

186 1960 222 2023 in
260 1957 457 2023 Graecorum
493 1957 631 2042 imperio
669 1959 860 2023 successerit
896 1961 929 2022 et
965 1957 1073 2023 factus
1105 1957 1205 2024 fuerit

185 2047 288 2111 totius
316 2046 438 2111 saeculi
466 2047 656 2129 monarcha,
684 2047 825 2142 qualiter
852 2069 873 2112 a
898 2044 1018 2112 Sancto
1043 2046 1202 2112 Silvestre
1217 2062 1246 2103 20

185 2156 320 2288 1111
346 2134 448 2286 tr,
467 2133 1202 2288 ttttrtdttinstitnit

185 2245 414 2396 potentissimqe
431 2310 583 2395 regnarit
601 2314 635 2375 et
652 2312 793 2394 qualiter
812 2315 925 2378 saneta
942 2246 1077 2396 Hilene,
1098 2246 1203 2376 riiatcr

187 2397 408 2482 Constantini,
436 2397 700 2484 Hierosolymam
722 2400 820 2465 iverit
848 2405 881 2465 st
904 2405 1051 2465 sanctem
1074 2421 1201 2466 crucem

186 2487 309 2552 ibidem
339 2487 512 2572 invenerit,
539 2488 667 2572 require
694 2487 729 2553 in
757 2488 824 2553 snis
852 2489 941 2553 locis.
978 2487 1068 2554 Haec
1092 2493 1202 2555 autern
1215 2503 1243 2544 2⁵

186 2576 241 2640 hie
264 2576 362 2642 scribi
384 2576 435 2640 fas
458 2597 524 2641 non
542 2579 671 2641 estnec
689 2580 831 2661 oportet,
855 2577 911 2641 sed
933 2576 1014 2642 haec
1037 2576 1202 2642 sufficiant

186 2685 246 2749 pro
271 2667 345 2729 ortu
369 2661 577 2730 Constantini
607 2664 661 2729 hio
683 2665 784 2730 fuisse
808 2665 931 2748 scripta
954 2665 995 2728 sd
1017 2665 1146 2732 leudem
1169 2668 1203 2730 et

185 2753 344 2819 honorem
371 2752 556 2818 individuae
583 2753 758 2837 trinitatis,
787 2753 891 2838 patris
915 2756 948 2818 et
970 2753 1031 2818 filii
1054 2757 1088 2818 et
1110 2754 1203 2838 spiri-

185 2845 238 2906 tus
263 2840 376 2926 sancti,
400 2842 631 2926 omnipotentis
650 2841 711 2926 dei,
730 2843 786 2926 qui
804 2846 855 2907 est
872 2841 1033 2906 mirabilis
1053 2841 1089 2905 in
1105 2842 1202 2908 factis

188 2931 254 2995 suis
273 2933 306 2995 et
323 2929 521 2996 mirabiliter
539 2930 713 2995 secundnm
733 2951 810 2995 suae
829 2930 1004 2995 ineffabilis
1023 2930 1202 3013 sapientiae
1216 2943 1243 2983 ³⁰

186 3018 426 3102 providentiam
454 3019 636 3103 praemissa
662 3019 734 3083 fieri
759 3019 931 3102 disposuit,
961 3019 1080 3103 quique
1104 3018 1202 3084 etiam

188 3106 449 3173 estbenedictus
471 3106 507 3172 in
529 3107 659 3172 saecule
682 3107 892 3172 saeculorum.
927 3105 1043 3173 Amen.

261 3269 275 3316 1
296 3261 472 3316 consumavit
490 3263 567 3319 codd.
640 3267 656 3318 b
671 3261 870 3319 Constantinus
885 3263 922 3321 F.
995 3269 1203 3318 8snocessuros

52 3360 58 3369 ·
187 3333 227 3399 D,
245 3347 420 3387 successores
439 3333 475 3389 F.
563 3339 594 3388 11
614 3332 670 3388 hiis
689 3336 765 3390 codd.
840 3332 1039 3388 Constantinus
1058 3332 1094 3388 F.
1168 3337 1202 3386 12

189 3403 399 3473 sollempnitate
418 3404 494 3461 codd.
578 3411 612 3459 14
629 3404 872 3461 Ambasiatoribns
890 3407 966 3460 codd.
1044 3409 1078 3458 22
1096 3403 1131 3458 de
1147 3419 1202 3458 mc·
1293 3407 1294 3452 l

188 3475 286 3529 dorum
303 3476 453 3532 mutatione
472 3475 505 3544 cf.
526 3475 563 3531 ad
577 3491 637 3547 cop.
651 3481 698 3532 27.
772 3482 807 3531 24
824 3474 1002 3531 Constantini
1018 3474 1110 3529 mater
1124 3471 1161 3530 F.
1293 3459 1294 3503 l

544 3584 850 3617 ——4-004—
