<?xml version="1.0" encoding="UTF-8"?>
<!DOCTYPE html PUBLIC "-//W3C//DTD XHTML 1.0 Transitional//EN"
    "http://www.w3.org/TR/xhtml1/DTD/xhtml1-transitional.dtd">
<html xmlns="http://www.w3.org/1999/xhtml" xml:lang="en" lang="en">
 <head>
  <title>
</title>
<meta http-equiv="Content-Type" content="text/html;charset=utf-8" />
  <meta name='ocr-system' content='tesseract 3.04.00' />
  <meta name='ocr-capabilities' content='ocr_page ocr_carea ocr_par ocr_line ocrx_word'/>
</head>
<body>
  <div class='ocr_page' id='page_1' title='image "./incertiauctoris01heydgoog_0013.png"; bbox 0 0 2654 3900; ppageno 0'>
   <div class='ocr_carea' id='block_1_1' title="bbox 503 67 784 244">
    <p class='ocr_par' dir='ltr' id='par_1_1' title="bbox 503 67 784 244">
     <span class='ocr_line' id='line_1_1' title="bbox 503 67 506 75; baseline 0 0"><span class='ocrx_word' id='word_1_1' title='bbox 503 67 506 75; x_wconf 80' lang='grc'>,</span> 
     </span>
     <span class='ocr_line' id='line_1_2' title="bbox 540 156 784 218; baseline -0.012 -16"><span class='ocrx_word' id='word_1_2' title='bbox 540 156 784 218; x_wconf 57' lang='lat'><strong><em>.-2-</em></strong></span> 
     </span>
     <span class='ocr_line' id='line_1_3' title="bbox 620 215 622 222; baseline 0 0"><span class='ocrx_word' id='word_1_3' title='bbox 620 215 622 222; x_wconf 80' lang='grc'>,</span> 
     </span>
     <span class='ocr_line' id='line_1_4' title="bbox 571 234 574 244; baseline 0 0"><span class='ocrx_word' id='word_1_4' title='bbox 571 234 574 244; x_wconf 77' lang='lat' dir='ltr'><strong>t</strong></span> 
     </span>
    </p>
   </div>
   <div class='ocr_carea' id='block_1_2' title="bbox 144 312 1199 485">
    <p class='ocr_par' dir='ltr' id='par_1_2' title="bbox 144 312 1199 485">
     <span class='ocr_line' id='line_1_5' title="bbox 144 312 1199 398; baseline 0 -19"><span class='ocrx_word' id='word_1_5' title='bbox 144 334 165 394; x_wconf 80' lang='lat'><strong>2</strong></span> <span class='ocrx_word' id='word_1_6' title='bbox 238 369 239 372; x_wconf 59' lang='grc'>,</span> <span class='ocrx_word' id='word_1_7' title='bbox 271 312 461 379; x_wconf 52' lang='lat' dir='ltr'><strong>Crescente*</strong></span> <span class='ocrx_word' id='word_1_8' title='bbox 481 335 559 378; x_wconf 85' lang='lat' dir='ltr'><strong>vero</strong></span> <span class='ocrx_word' id='word_1_9' title='bbox 598 313 805 398; x_wconf 89' lang='lat' dir='ltr'><strong>postmodum</strong></span> <span class='ocrx_word' id='word_1_10' title='bbox 843 313 1084 379; x_wconf 79' lang='lat' dir='ltr'><strong>sacratissimae</strong></span> <span class='ocrx_word' id='word_1_11' title='bbox 1119 314 1199 379; x_wconf 90' lang='lat' dir='ltr'><strong>fidei</strong></span> 
     </span>
     <span class='ocr_line' id='line_1_6' title="bbox 182 400 1197 485; baseline 0 -17"><span class='ocrx_word' id='word_1_12' title='bbox 182 403 380 468; x_wconf 77' lang='lat' dir='ltr'><strong>christianae</strong></span> <span class='ocrx_word' id='word_1_13' title='bbox 399 402 555 484; x_wconf 84' lang='lat' dir='ltr'><strong>religione</strong></span> <span class='ocrx_word' id='word_1_14' title='bbox 574 424 612 466; x_wconf 88' lang='lat' dir='ltr'><strong>ac</strong></span> <span class='ocrx_word' id='word_1_15' title='bbox 629 402 818 466; x_wconf 77' lang='lat' dir='ltr'><strong>succedente</strong></span> <span class='ocrx_word' id='word_1_16' title='bbox 837 401 872 465; x_wconf 93' lang='lat' dir='ltr'><strong>in</strong></span> <span class='ocrx_word' id='word_1_17' title='bbox 891 401 1027 485; x_wconf 90' lang='lat' dir='ltr'><strong>imperio</strong></span> <span class='ocrx_word' id='word_1_18' title='bbox 1046 400 1197 468; x_wconf 86' lang='lat' dir='ltr'><strong>Romano</strong></span> 
     </span>
    </p>
   </div>
   <div class='ocr_carea' id='block_1_3' title="bbox 180 485 1313 752">
    <p class='ocr_par' dir='ltr' id='par_1_3' title="bbox 180 485 1313 752">
     <span class='ocr_line' id='line_1_7' title="bbox 182 485 1313 574; baseline -0.002 -18"><span class='ocrx_word' id='word_1_19' title='bbox 182 489 376 556; x_wconf 78' lang='lat' dir='ltr'><strong>Constantio</strong></span> <span class='ocrx_word' id='word_1_20' title='bbox 397 491 593 573; x_wconf 75' lang='lat' dir='ltr'><strong>imperatore</strong></span> <span class='ocrx_word' id='word_1_21' title='bbox 612 489 759 554; x_wconf 83' lang='lat' dir='ltr'><strong>Romano</strong></span> <span class='ocrx_word' id='word_1_22' title='bbox 780 511 907 573; x_wconf 88' lang='lat' dir='ltr'><strong>semper</strong></span> <span class='ocrx_word' id='word_1_23' title='bbox 924 489 1074 574; x_wconf 84' lang='lat' dir='ltr'><strong>Augusto</strong></span> <span class='ocrx_word' id='word_1_24' title='bbox 1093 491 1198 557; x_wconf 89' lang='lat' dir='ltr'><strong>totius</strong></span> <span class='ocrx_word' id='word_1_25' title='bbox 1312 485 1313 504; x_wconf 60' lang='lat'>¹</span> 
     </span>
     <span class='ocr_line' id='line_1_8' title="bbox 182 578 1200 663; baseline 0 -20"><span class='ocrx_word' id='word_1_26' title='bbox 182 578 379 663; x_wconf 91' lang='lat' dir='ltr'><strong>reipublicae</strong></span> <span class='ocrx_word' id='word_1_27' title='bbox 398 579 614 662; x_wconf 83' lang='lat' dir='ltr'><strong>principatum</strong></span> <span class='ocrx_word' id='word_1_28' title='bbox 633 600 692 662; x_wconf 93' lang='lat' dir='ltr'><strong>pro</strong></span> <span class='ocrx_word' id='word_1_29' title='bbox 712 582 858 661; x_wconf 91' lang='lat' dir='ltr'><strong>tempore</strong></span> <span class='ocrx_word' id='word_1_30' title='bbox 873 578 1041 642; x_wconf 80' lang='lat' dir='ltr'><strong>obtinente</strong></span> <span class='ocrx_word' id='word_1_31' title='bbox 1057 579 1200 662; x_wconf 90' lang='lat' dir='ltr'><strong>contigit</strong></span> 
     </span>
     <span class='ocr_line' id='line_1_9' title="bbox 180 665 1313 752; baseline -0.003 -21"><span class='ocrx_word' id='word_1_32' title='bbox 180 667 340 732; x_wconf 86' lang='lat' dir='ltr'><strong>Helenam</strong></span> <span class='ocrx_word' id='word_1_33' title='bbox 368 667 542 752; x_wconf 87' lang='lat' dir='ltr'><strong>virginem,</strong></span> <span class='ocrx_word' id='word_1_34' title='bbox 573 687 655 750; x_wconf 89' lang='lat' dir='ltr'><strong>quae</strong></span> <span class='ocrx_word' id='word_1_35' title='bbox 679 688 717 730; x_wconf 86' lang='lat' dir='ltr'><strong>ex</strong></span> <span class='ocrx_word' id='word_1_36' title='bbox 740 665 906 731; x_wconf 92' lang='lat' dir='ltr'><strong>nobilibus</strong></span> <span class='ocrx_word' id='word_1_37' title='bbox 930 666 1058 749; x_wconf 90' lang='lat' dir='ltr'><strong>quidem</strong></span> <span class='ocrx_word' id='word_1_38' title='bbox 1081 685 1229 751; x_wconf 84' lang='lat' dir='ltr'><strong>paren-5</strong></span> <span class='ocrx_word' id='word_1_39' title='bbox 1312 701 1313 728; x_wconf 56' lang='lat' dir='ltr'><strong>t</strong></span> 
     </span>
    </p>
   </div>
   <div class='ocr_carea' id='block_1_4' title="bbox 179 755 1241 1192">
    <p class='ocr_par' dir='ltr' id='par_1_4' title="bbox 179 755 1241 1192">
     <span class='ocr_line' id='line_1_10' title="bbox 179 755 1198 839; baseline 0 -20"><span class='ocrx_word' id='word_1_40' title='bbox 179 755 268 820; x_wconf 89' lang='lat' dir='ltr'><strong>tibus</strong></span> <span class='ocrx_word' id='word_1_41' title='bbox 296 757 471 839; x_wconf 89' lang='lat' dir='ltr'><strong>progenita</strong></span> <span class='ocrx_word' id='word_1_42' title='bbox 498 755 537 818; x_wconf 91' lang='lat' dir='ltr'><strong>de</strong></span> <span class='ocrx_word' id='word_1_43' title='bbox 566 755 667 837; x_wconf 88' lang='lat' dir='ltr'><strong>stirpe</strong></span> <span class='ocrx_word' id='word_1_44' title='bbox 699 755 900 838; x_wconf 91' lang='lat' dir='ltr'><strong>quorundam</strong></span> <span class='ocrx_word' id='word_1_45' title='bbox 929 755 1089 819; x_wconf 89' lang='lat' dir='ltr'><strong>nobilium</strong></span> <span class='ocrx_word' id='word_1_46' title='bbox 1120 757 1198 821; x_wconf 88' lang='lat' dir='ltr'><strong>civi-</strong></span> 
     </span>
     <span class='ocr_line' id='line_1_11' title="bbox 180 842 1198 926; baseline 0 -18"><span class='ocrx_word' id='word_1_47' title='bbox 180 844 259 908; x_wconf 87' lang='lat' dir='ltr'><strong>tatis</strong></span> <span class='ocrx_word' id='word_1_48' title='bbox 290 843 495 907; x_wconf 84' lang='lat' dir='ltr'><strong>Treverensis</strong></span> <span class='ocrx_word' id='word_1_49' title='bbox 527 843 687 926; x_wconf 83' lang='lat' dir='ltr'><strong>originem</strong></span> <span class='ocrx_word' id='word_1_50' title='bbox 716 843 831 925; x_wconf 85' lang='lat' dir='ltr'><strong>traxit,</strong></span> <span class='ocrx_word' id='word_1_51' title='bbox 864 842 974 906; x_wconf 84' lang='lat' dir='ltr'><strong>venire</strong></span> <span class='ocrx_word' id='word_1_52' title='bbox 1012 844 1053 907; x_wconf 91' lang='lat' dir='ltr'><strong>ad</strong></span> <span class='ocrx_word' id='word_1_53' title='bbox 1082 845 1198 909; x_wconf 88' lang='lat' dir='ltr'><strong>urbem</strong></span> 
     </span>
     <span class='ocr_line' id='line_1_12' title="bbox 180 930 1197 1014; baseline 0.001 -18"><span class='ocrx_word' id='word_1_54' title='bbox 180 931 320 996; x_wconf 85' lang='lat' dir='ltr'><strong>Romam</strong></span> <span class='ocrx_word' id='word_1_55' title='bbox 343 932 541 1014; x_wconf 85' lang='lat' dir='ltr'><strong>praedictam</strong></span> <span class='ocrx_word' id='word_1_56' title='bbox 565 952 673 996; x_wconf 89' lang='lat' dir='ltr'><strong>amore</strong></span> <span class='ocrx_word' id='word_1_57' title='bbox 694 930 850 995; x_wconf 85' lang='lat' dir='ltr'><strong>visitandi</strong></span> <span class='ocrx_word' id='word_1_58' title='bbox 872 930 986 994; x_wconf 89' lang='lat' dir='ltr'><strong>limina</strong></span> <span class='ocrx_word' id='word_1_59' title='bbox 1009 934 1197 997; x_wconf 89' lang='lat' dir='ltr'><strong>sanctorum</strong></span> 
     </span>
     <span class='ocr_line' id='line_1_13' title="bbox 180 1016 1196 1102; baseline 0 -18"><span class='ocrx_word' id='word_1_60' title='bbox 180 1019 271 1084; x_wconf 92' lang='lat' dir='ltr'><strong>Petri</strong></span> <span class='ocrx_word' id='word_1_61' title='bbox 290 1023 323 1084; x_wconf 90' lang='lat' dir='ltr'><strong>et</strong></span> <span class='ocrx_word' id='word_1_62' title='bbox 340 1019 435 1083; x_wconf 91' lang='lat' dir='ltr'><strong>Pauli</strong></span> <span class='ocrx_word' id='word_1_63' title='bbox 459 1018 682 1102; x_wconf 90' lang='lat' dir='ltr'><strong>apostolorum</strong></span> <span class='ocrx_word' id='word_1_64' title='bbox 706 1019 953 1102; x_wconf 89' lang='lat' dir='ltr'><strong>praedictorum.</strong></span> <span class='ocrx_word' id='word_1_65' title='bbox 985 1016 1067 1083; x_wconf 85' lang='lat' dir='ltr'><strong>(lum</strong></span> <span class='ocrx_word' id='word_1_66' title='bbox 1087 1023 1196 1084; x_wconf 88' lang='lat' dir='ltr'><strong>autem</strong></span> 
     </span>
     <span class='ocr_line' id='line_1_14' title="bbox 180 1106 1241 1192; baseline 0 -20"><span class='ocrx_word' id='word_1_67' title='bbox 180 1107 254 1192; x_wconf 86' lang='lat' dir='ltr'><strong>ipsa</strong></span> <span class='ocrx_word' id='word_1_68' title='bbox 284 1106 411 1172; x_wconf 90' lang='lat' dir='ltr'><strong>Helena</strong></span> <span class='ocrx_word' id='word_1_69' title='bbox 441 1111 527 1171; x_wconf 88' lang='lat' dir='ltr'><strong>esset</strong></span> <span class='ocrx_word' id='word_1_70' title='bbox 557 1107 592 1170; x_wconf 92' lang='lat' dir='ltr'><strong>in</strong></span> <span class='ocrx_word' id='word_1_71' title='bbox 621 1107 701 1170; x_wconf 91' lang='lat' dir='ltr'><strong>urbe</strong></span> <span class='ocrx_word' id='word_1_72' title='bbox 732 1107 893 1190; x_wconf 89' lang='lat' dir='ltr'><strong>praefata,</strong></span> <span class='ocrx_word' id='word_1_73' title='bbox 926 1108 1077 1192; x_wconf 89' lang='lat' dir='ltr'><strong>contigit,</strong></span> <span class='ocrx_word' id='word_1_74' title='bbox 1109 1109 1196 1192; x_wconf 93' lang='lat' dir='ltr'><strong>quod</strong></span> <span class='ocrx_word' id='word_1_75' title='bbox 1212 1126 1241 1164; x_wconf 87' lang='lat'><strong>1⁰</strong></span> 
     </span>
    </p>
   </div>
   <div class='ocr_carea' id='block_1_5' title="bbox 181 1194 1313 1280">
    <p class='ocr_par' dir='ltr' id='par_1_5' title="bbox 181 1194 1313 1280">
     <span class='ocr_line' id='line_1_15' title="bbox 181 1194 1313 1280; baseline -0.004 -18"><span class='ocrx_word' id='word_1_76' title='bbox 181 1194 393 1262; x_wconf 81' lang='lat' dir='ltr'><strong>Constantius</strong></span> <span class='ocrx_word' id='word_1_77' title='bbox 416 1195 595 1280; x_wconf 87' lang='lat' dir='ltr'><strong>imperator</strong></span> <span class='ocrx_word' id='word_1_78' title='bbox 622 1195 789 1278; x_wconf 87' lang='lat' dir='ltr'><strong>praefatus</strong></span> <span class='ocrx_word' id='word_1_79' title='bbox 812 1195 874 1259; x_wconf 90' lang='lat' dir='ltr'><strong>iter</strong></span> <span class='ocrx_word' id='word_1_80' title='bbox 898 1194 1019 1260; x_wconf 89' lang='lat' dir='ltr'><strong>faciens</strong></span> <span class='ocrx_word' id='word_1_81' title='bbox 1044 1218 1082 1260; x_wconf 87' lang='lat' dir='ltr'><strong>ex</strong></span> <span class='ocrx_word' id='word_1_82' title='bbox 1105 1219 1196 1262; x_wconf 91' lang='lat' dir='ltr'><strong>more</strong></span> <span class='ocrx_word' id='word_1_83' title='bbox 1312 1237 1313 1258; x_wconf 48' lang='lat' dir='ltr'><strong>t</strong></span> 
     </span>
    </p>
   </div>
   <div class='ocr_carea' id='block_1_6' title="bbox 180 1282 1196 1544">
    <p class='ocr_par' dir='ltr' id='par_1_6' title="bbox 180 1282 1196 1544">
     <span class='ocr_line' id='line_1_16' title="bbox 180 1282 1196 1369; baseline 0 -21"><span class='ocrx_word' id='word_1_84' title='bbox 180 1306 238 1368; x_wconf 88' lang='lat' dir='ltr'><strong>per</strong></span> <span class='ocrx_word' id='word_1_85' title='bbox 267 1289 402 1368; x_wconf 89' lang='lat' dir='ltr'><strong>pontem</strong></span> <span class='ocrx_word' id='word_1_86' title='bbox 429 1284 556 1348; x_wconf 83' lang='lat' dir='ltr'><strong>Tiberis</strong></span> <span class='ocrx_word' id='word_1_87' title='bbox 586 1283 669 1347; x_wconf 87' lang='lat' dir='ltr'><strong>vidit</strong></span> <span class='ocrx_word' id='word_1_88' title='bbox 695 1282 854 1347; x_wconf 89' lang='lat' dir='ltr'><strong>Helenam</strong></span> <span class='ocrx_word' id='word_1_89' title='bbox 882 1283 967 1347; x_wconf 90' lang='lat' dir='ltr'><strong>inter</strong></span> <span class='ocrx_word' id='word_1_90' title='bbox 994 1285 1077 1349; x_wconf 88' lang='lat' dir='ltr'><strong>alios</strong></span> <span class='ocrx_word' id='word_1_91' title='bbox 1105 1306 1196 1369; x_wconf 88' lang='lat' dir='ltr'><strong>pere-</strong></span> 
     </span>
     <span class='ocr_line' id='line_1_17' title="bbox 180 1371 1196 1456; baseline 0.003 -21"><span class='ocrx_word' id='word_1_92' title='bbox 180 1372 291 1456; x_wconf 90' lang='lat' dir='ltr'><strong>grinos</strong></span> <span class='ocrx_word' id='word_1_93' title='bbox 316 1372 379 1436; x_wconf 90' lang='lat' dir='ltr'><strong>sibi</strong></span> <span class='ocrx_word' id='word_1_94' title='bbox 404 1393 481 1436; x_wconf 88' lang='lat' dir='ltr'><strong>casu</strong></span> <span class='ocrx_word' id='word_1_95' title='bbox 504 1375 733 1437; x_wconf 86' lang='lat' dir='ltr'><strong>occurrentem.</strong></span> <span class='ocrx_word' id='word_1_96' title='bbox 768 1371 906 1436; x_wconf 82' lang='lat' dir='ltr'><strong>Etcum</strong></span> <span class='ocrx_word' id='word_1_97' title='bbox 930 1372 1067 1436; x_wconf 88' lang='lat' dir='ltr'><strong>intuitus</strong></span> <span class='ocrx_word' id='word_1_98' title='bbox 1089 1373 1196 1456; x_wconf 90' lang='lat' dir='ltr'><strong>ipsam</strong></span> 
     </span>
     <span class='ocr_line' id='line_1_18' title="bbox 180 1459 1196 1544; baseline 0.001 -20"><span class='ocrx_word' id='word_1_99' title='bbox 180 1460 297 1524; x_wconf 84' lang='lat' dir='ltr'><strong>fuisset</strong></span> <span class='ocrx_word' id='word_1_100' title='bbox 321 1461 452 1544; x_wconf 88' lang='lat' dir='ltr'><strong>eiusque</strong></span> <span class='ocrx_word' id='word_1_101' title='bbox 473 1459 657 1544; x_wconf 83' lang='lat' dir='ltr'><strong>elegantiae</strong></span> <span class='ocrx_word' id='word_1_102' title='bbox 675 1459 948 1543; x_wconf 80' lang='lat' dir='ltr'><strong>pulchritudinem</strong></span> <span class='ocrx_word' id='word_1_103' title='bbox 966 1461 1196 1544; x_wconf 83' lang='lat' dir='ltr'><strong>conspexisset,</strong></span> 
     </span>
    </p>
   </div>
   <div class='ocr_carea' id='block_1_7' title="bbox 180 1548 1313 1634">
    <p class='ocr_par' dir='ltr' id='par_1_7' title="bbox 180 1548 1313 1634">
     <span class='ocr_line' id='line_1_19' title="bbox 180 1548 1313 1634; baseline 0.001 -22"><span class='ocrx_word' id='word_1_104' title='bbox 180 1549 261 1632; x_wconf 88' lang='lat' dir='ltr'><strong>ipse,</strong></span> <span class='ocrx_word' id='word_1_105' title='bbox 280 1570 353 1613; x_wconf 90' lang='lat' dir='ltr'><strong>cum</strong></span> <span class='ocrx_word' id='word_1_106' title='bbox 372 1551 458 1613; x_wconf 89' lang='lat' dir='ltr'><strong>esset</strong></span> <span class='ocrx_word' id='word_1_107' title='bbox 476 1551 564 1613; x_wconf 91' lang='lat' dir='ltr'><strong>totus</strong></span> <span class='ocrx_word' id='word_1_108' title='bbox 583 1548 709 1612; x_wconf 89' lang='lat' dir='ltr'><strong>deditus</strong></span> <span class='ocrx_word' id='word_1_109' title='bbox 727 1548 865 1630; x_wconf 90' lang='lat' dir='ltr'><strong>libidini,</strong></span> <span class='ocrx_word' id='word_1_110' title='bbox 883 1549 918 1612; x_wconf 91' lang='lat' dir='ltr'><strong>in</strong></span> <span class='ocrx_word' id='word_1_111' title='bbox 937 1550 1239 1631; x_wconf 83' lang='lat' dir='ltr'><strong>concupientiam1⁵</strong></span> <span class='ocrx_word' id='word_1_112' title='bbox 1312 1601 1313 1634; x_wconf 19' lang='grc' dir='ltr'>ζ</span> 
     </span>
    </p>
   </div>
   <div class='ocr_carea' id='block_1_8' title="bbox 181 1636 1197 1986">
    <p class='ocr_par' dir='ltr' id='par_1_8' title="bbox 181 1636 1197 1986">
     <span class='ocr_line' id='line_1_20' title="bbox 181 1636 1195 1719; baseline 0.001 -19"><span class='ocrx_word' id='word_1_113' title='bbox 181 1637 250 1701; x_wconf 88' lang='lat' dir='ltr'><strong>eius</strong></span> <span class='ocrx_word' id='word_1_114' title='bbox 280 1638 401 1701; x_wconf 86' lang='lat' dir='ltr'><strong>exarsit</strong></span> <span class='ocrx_word' id='word_1_115' title='bbox 428 1641 461 1702; x_wconf 87' lang='lat' dir='ltr'><strong>et</strong></span> <span class='ocrx_word' id='word_1_116' title='bbox 488 1636 656 1700; x_wconf 88' lang='lat' dir='ltr'><strong>mandavit</strong></span> <span class='ocrx_word' id='word_1_117' title='bbox 683 1637 876 1719; x_wconf 88' lang='lat' dir='ltr'><strong>quibusdam</strong></span> <span class='ocrx_word' id='word_1_118' title='bbox 905 1637 1102 1702; x_wconf 88' lang='lat' dir='ltr'><strong>satellitibus</strong></span> <span class='ocrx_word' id='word_1_119' title='bbox 1126 1639 1195 1701; x_wconf 86' lang='lat' dir='ltr'><strong>auis</strong></span> 
     </span>
     <span class='ocr_line' id='line_1_21' title="bbox 181 1723 1196 1808; baseline 0.001 -19"><span class='ocrx_word' id='word_1_120' title='bbox 181 1725 302 1790; x_wconf 89' lang='lat' dir='ltr'><strong>dicens:</strong></span> <span class='ocrx_word' id='word_1_121' title='bbox 340 1723 531 1808; x_wconf 76' lang='lat' dir='ltr'><strong>‘Sequimini</strong></span> <span class='ocrx_word' id='word_1_122' title='bbox 562 1725 647 1788; x_wconf 89' lang='lat' dir='ltr'><strong>hanc</strong></span> <span class='ocrx_word' id='word_1_123' title='bbox 675 1728 708 1788; x_wconf 91' lang='lat' dir='ltr'><strong>et</strong></span> <span class='ocrx_word' id='word_1_124' title='bbox 738 1725 773 1788; x_wconf 95' lang='lat' dir='ltr'><strong>in</strong></span> <span class='ocrx_word' id='word_1_125' title='bbox 799 1746 1036 1808; x_wconf 87' lang='lat' dir='ltr'><strong>quamcumque</strong></span> <span class='ocrx_word' id='word_1_126' title='bbox 1063 1725 1196 1790; x_wconf 90' lang='lat' dir='ltr'><strong>domum</strong></span> 
     </span>
     <span class='ocr_line' id='line_1_22' title="bbox 181 1812 1197 1897; baseline 0.002 -20"><span class='ocrx_word' id='word_1_127' title='bbox 181 1813 366 1896; x_wconf 84' lang='lat' dir='ltr'><strong>intraverit,</strong></span> <span class='ocrx_word' id='word_1_128' title='bbox 390 1814 486 1877; x_wconf 90' lang='lat' dir='ltr'><strong>dicite</strong></span> <span class='ocrx_word' id='word_1_129' title='bbox 505 1812 650 1896; x_wconf 91' lang='lat' dir='ltr'><strong>domino,</strong></span> <span class='ocrx_word' id='word_1_130' title='bbox 675 1813 758 1896; x_wconf 92' lang='lat' dir='ltr'><strong>quod</strong></span> <span class='ocrx_word' id='word_1_131' title='bbox 780 1813 886 1897; x_wconf 91' lang='lat' dir='ltr'><strong>ipsam</strong></span> <span class='ocrx_word' id='word_1_132' title='bbox 909 1813 948 1876; x_wconf 91' lang='lat' dir='ltr'><strong>de</strong></span> <span class='ocrx_word' id='word_1_133' title='bbox 971 1814 1067 1878; x_wconf 92' lang='lat' dir='ltr'><strong>domo</strong></span> <span class='ocrx_word' id='word_1_134' title='bbox 1086 1835 1145 1878; x_wconf 91' lang='lat' dir='ltr'><strong>sua</strong></span> <span class='ocrx_word' id='word_1_135' title='bbox 1164 1817 1197 1879; x_wconf 88' lang='lat' dir='ltr'><strong>et</strong></span> 
     </span>
     <span class='ocr_line' id='line_1_23' title="bbox 181 1899 1197 1986; baseline 0 -20"><span class='ocrx_word' id='word_1_136' title='bbox 181 1902 343 1984; x_wconf 87' lang='lat' dir='ltr'><strong>custodia,</strong></span> <span class='ocrx_word' id='word_1_137' title='bbox 376 1922 541 1985; x_wconf 90' lang='lat' dir='ltr'><strong>quousque</strong></span> <span class='ocrx_word' id='word_1_138' title='bbox 569 1901 607 1965; x_wconf 91' lang='lat' dir='ltr'><strong>de</strong></span> <span class='ocrx_word' id='word_1_139' title='bbox 637 1901 709 1983; x_wconf 88' lang='lat' dir='ltr'><strong>ipsa</strong></span> <span class='ocrx_word' id='word_1_140' title='bbox 737 1899 821 1964; x_wconf 89' lang='lat' dir='ltr'><strong>sicut</strong></span> <span class='ocrx_word' id='word_1_141' title='bbox 853 1901 1068 1985; x_wconf 85' lang='lat' dir='ltr'><strong>cogitavimus</strong></span> <span class='ocrx_word' id='word_1_142' title='bbox 1101 1905 1197 1986; x_wconf 87' lang='lat' dir='ltr'><strong>capta</strong></span> 
     </span>
    </p>
   </div>
   <div class='ocr_carea' id='block_1_9' title="bbox 181 1988 1313 2074">
    <p class='ocr_par' dir='ltr' id='par_1_9' title="bbox 181 1988 1313 2074">
     <span class='ocr_line' id='line_1_24' title="bbox 181 1988 1313 2074; baseline -0.002 -18"><span class='ocrx_word' id='word_1_143' title='bbox 181 1989 430 2073; x_wconf 88' lang='lat' dir='ltr'><strong>opportunitate</strong></span> <span class='ocrx_word' id='word_1_144' title='bbox 459 1988 608 2053; x_wconf 89' lang='lat' dir='ltr'><strong>ordinare</strong></span> <span class='ocrx_word' id='word_1_145' title='bbox 635 1989 829 2072; x_wconf 79' lang='lat' dir='ltr'><strong>poterimus,</strong></span> <span class='ocrx_word' id='word_1_146' title='bbox 857 1989 917 2053; x_wconf 92' lang='lat' dir='ltr'><strong>sub</strong></span> <span class='ocrx_word' id='word_1_147' title='bbox 945 2011 1051 2072; x_wconf 90' lang='lat' dir='ltr'><strong>poena</strong></span> <span class='ocrx_word' id='word_1_148' title='bbox 1077 1991 1196 2074; x_wconf 90' lang='lat' dir='ltr'><strong>capitis</strong></span> <span class='ocrx_word' id='word_1_149' title='bbox 1210 2006 1238 2045; x_wconf 79' lang='lat'><strong>²0</strong></span> <span class='ocrx_word' id='word_1_150' title='bbox 1312 2039 1313 2066; x_wconf 66' lang='lat'><strong>,</strong></span> 
     </span>
    </p>
   </div>
   <div class='ocr_carea' id='block_1_10' title="bbox 146 2076 1237 2692">
    <p class='ocr_par' dir='ltr' id='par_1_10' title="bbox 180 2076 1237 2602">
     <span class='ocr_line' id='line_1_25' title="bbox 181 2076 1196 2162; baseline 0 -21"><span class='ocrx_word' id='word_1_151' title='bbox 181 2100 248 2144; x_wconf 92' lang='lat' dir='ltr'><strong>non</strong></span> <span class='ocrx_word' id='word_1_152' title='bbox 272 2076 438 2142; x_wconf 68' lang='lat' dir='ltr'><strong>dimittar?</strong></span> <span class='ocrx_word' id='word_1_153' title='bbox 481 2076 543 2153; x_wconf 80' lang='lat' dir='ltr'><strong>uui</strong></span> <span class='ocrx_word' id='word_1_154' title='bbox 566 2081 738 2160; x_wconf 89' lang='lat' dir='ltr'><strong>sequentes</strong></span> <span class='ocrx_word' id='word_1_155' title='bbox 765 2077 871 2160; x_wconf 90' lang='lat' dir='ltr'><strong>ipsam</strong></span> <span class='ocrx_word' id='word_1_156' title='bbox 895 2099 996 2160; x_wconf 87' lang='lat' dir='ltr'><strong>usque</strong></span> <span class='ocrx_word' id='word_1_157' title='bbox 1025 2079 1066 2142; x_wconf 88' lang='lat' dir='ltr'><strong>ad</strong></span> <span class='ocrx_word' id='word_1_158' title='bbox 1088 2078 1196 2162; x_wconf 92' lang='lat' dir='ltr'><strong>hospi-</strong></span> 
     </span>
     <span class='ocr_line' id='line_1_26' title="bbox 181 2165 1195 2249; baseline 0.001 -20"><span class='ocrx_word' id='word_1_159' title='bbox 181 2166 263 2230; x_wconf 92' lang='lat' dir='ltr'><strong>tium</strong></span> <span class='ocrx_word' id='word_1_160' title='bbox 290 2166 377 2249; x_wconf 91' lang='lat' dir='ltr'><strong>quod</strong></span> <span class='ocrx_word' id='word_1_161' title='bbox 407 2187 480 2230; x_wconf 91' lang='lat' dir='ltr'><strong>cum</strong></span> <span class='ocrx_word' id='word_1_162' title='bbox 508 2165 575 2229; x_wconf 88' lang='lat' dir='ltr'><strong>suis</strong></span> <span class='ocrx_word' id='word_1_163' title='bbox 602 2167 781 2229; x_wconf 86' lang='lat' dir='ltr'><strong>intraverat</strong></span> <span class='ocrx_word' id='word_1_164' title='bbox 808 2166 905 2230; x_wconf 89' lang='lat' dir='ltr'><strong>sociis</strong></span> <span class='ocrx_word' id='word_1_165' title='bbox 935 2165 1059 2248; x_wconf 89' lang='lat' dir='ltr'><strong>hospiti</strong></span> <span class='ocrx_word' id='word_1_166' title='bbox 1081 2166 1195 2231; x_wconf 89' lang='lat' dir='ltr'><strong>domus</strong></span> 
     </span>
     <span class='ocr_line' id='line_1_27' title="bbox 181 2253 1196 2338; baseline 0.002 -21"><span class='ocrx_word' id='word_1_167' title='bbox 181 2255 215 2318; x_wconf 93' lang='lat' dir='ltr'><strong>id</strong></span> <span class='ocrx_word' id='word_1_168' title='bbox 238 2255 323 2338; x_wconf 91' lang='lat' dir='ltr'><strong>quod</strong></span> <span class='ocrx_word' id='word_1_169' title='bbox 347 2277 367 2317; x_wconf 89' lang='lat' dir='ltr'><strong>a</strong></span> <span class='ocrx_word' id='word_1_170' title='bbox 390 2253 522 2319; x_wconf 91' lang='lat' dir='ltr'><strong>domino</strong></span> <span class='ocrx_word' id='word_1_171' title='bbox 542 2274 599 2318; x_wconf 89' lang='lat' dir='ltr'><strong>suo</strong></span> <span class='ocrx_word' id='word_1_172' title='bbox 622 2254 657 2317; x_wconf 92' lang='lat' dir='ltr'><strong>in</strong></span> <span class='ocrx_word' id='word_1_173' title='bbox 676 2253 838 2318; x_wconf 89' lang='lat' dir='ltr'><strong>mandatis</strong></span> <span class='ocrx_word' id='word_1_174' title='bbox 858 2257 1051 2337; x_wconf 88' lang='lat' dir='ltr'><strong>acceperant</strong></span> <span class='ocrx_word' id='word_1_175' title='bbox 1073 2259 1196 2319; x_wconf 87' lang='lat' dir='ltr'><strong>secreto</strong></span> 
     </span>
     <span class='ocr_line' id='line_1_28' title="bbox 182 2341 1197 2426; baseline 0 -20"><span class='ocrx_word' id='word_1_176' title='bbox 182 2344 421 2406; x_wconf 81' lang='lat' dir='ltr'><strong>narraverunt</strong></span> <span class='ocrx_word' id='word_1_177' title='bbox 453 2341 582 2425; x_wconf 87' lang='lat' dir='ltr'><strong>Hospes</strong></span> <span class='ocrx_word' id='word_1_178' title='bbox 609 2363 686 2406; x_wconf 84' lang='lat' dir='ltr'><strong>vero</strong></span> <span class='ocrx_word' id='word_1_179' title='bbox 719 2342 833 2407; x_wconf 91' lang='lat' dir='ltr'><strong>domus</strong></span> <span class='ocrx_word' id='word_1_180' title='bbox 868 2345 1001 2425; x_wconf 88' lang='lat' dir='ltr'><strong>accepto</strong></span> <span class='ocrx_word' id='word_1_181' title='bbox 1033 2343 1197 2426; x_wconf 90' lang='lat' dir='ltr'><strong>imperiali</strong></span> 
     </span>
     <span class='ocr_line' id='line_1_29' title="bbox 182 2429 1237 2514; baseline 0 -20"><span class='ocrx_word' id='word_1_182' title='bbox 182 2429 335 2494; x_wconf 89' lang='lat' dir='ltr'><strong>mandato</strong></span> <span class='ocrx_word' id='word_1_183' title='bbox 350 2429 531 2514; x_wconf 87' lang='lat' dir='ltr'><strong>praefatam</strong></span> <span class='ocrx_word' id='word_1_184' title='bbox 545 2429 705 2495; x_wconf 89' lang='lat' dir='ltr'><strong>Helenam</strong></span> <span class='ocrx_word' id='word_1_185' title='bbox 722 2431 756 2494; x_wconf 93' lang='lat' dir='ltr'><strong>in</strong></span> <span class='ocrx_word' id='word_1_186' title='bbox 765 2430 912 2495; x_wconf 89' lang='lat' dir='ltr'><strong>custodia</strong></span> <span class='ocrx_word' id='word_1_187' title='bbox 926 2453 984 2495; x_wconf 89' lang='lat' dir='ltr'><strong>sua</strong></span> <span class='ocrx_word' id='word_1_188' title='bbox 997 2431 1081 2496; x_wconf 89' lang='lat' dir='ltr'><strong>clam</strong></span> <span class='ocrx_word' id='word_1_189' title='bbox 1096 2431 1195 2496; x_wconf 87' lang='lat' dir='ltr'><strong>susci·</strong></span> <span class='ocrx_word' id='word_1_190' title='bbox 1210 2448 1237 2489; x_wconf 76' lang='lat'><strong>2⁵</strong></span> 
     </span>
     <span class='ocr_line' id='line_1_30' title="bbox 180 2518 1159 2602; baseline 0.002 -20"><span class='ocrx_word' id='word_1_191' title='bbox 180 2518 273 2602; x_wconf 88' lang='lat' dir='ltr'><strong>piens</strong></span> <span class='ocrx_word' id='word_1_192' title='bbox 296 2540 337 2583; x_wconf 88' lang='lat' dir='ltr'><strong>ne</strong></span> <span class='ocrx_word' id='word_1_193' title='bbox 361 2518 400 2582; x_wconf 92' lang='lat' dir='ltr'><strong>de</strong></span> <span class='ocrx_word' id='word_1_194' title='bbox 423 2519 519 2583; x_wconf 91' lang='lat' dir='ltr'><strong>domo</strong></span> <span class='ocrx_word' id='word_1_195' title='bbox 544 2541 603 2582; x_wconf 90' lang='lat' dir='ltr'><strong>sua</strong></span> <span class='ocrx_word' id='word_1_196' title='bbox 625 2519 788 2583; x_wconf 85' lang='lat' dir='ltr'><strong>recederet</strong></span> <span class='ocrx_word' id='word_1_197' title='bbox 811 2518 950 2584; x_wconf 88' lang='lat' dir='ltr'><strong>sollicite</strong></span> <span class='ocrx_word' id='word_1_198' title='bbox 975 2519 1159 2584; x_wconf 87' lang='lat' dir='ltr'><strong>custodivit.</strong></span> 
     </span>
    </p>

    <p class='ocr_par' dir='ltr' id='par_1_11' title="bbox 146 2606 1196 2692">
     <span class='ocr_line' id='line_1_31' title="bbox 146 2606 1196 2692; baseline 0.002 -22"><span class='ocrx_word' id='word_1_199' title='bbox 146 2618 166 2681; x_wconf 87' lang='lat'><strong>3</strong></span> <span class='ocrx_word' id='word_1_200' title='bbox 270 2606 440 2692; x_wconf 83' lang='lat' dir='ltr'><strong>Peregrini</strong></span> <span class='ocrx_word' id='word_1_201' title='bbox 467 2611 576 2672; x_wconf 87' lang='lat' dir='ltr'><strong>autem</strong></span> <span class='ocrx_word' id='word_1_202' title='bbox 605 2607 663 2672; x_wconf 92' lang='lat' dir='ltr'><strong>alii</strong></span> <span class='ocrx_word' id='word_1_203' title='bbox 691 2607 758 2671; x_wconf 91' lang='lat' dir='ltr'><strong>eius</strong></span> <span class='ocrx_word' id='word_1_204' title='bbox 782 2607 924 2672; x_wconf 91' lang='lat' dir='ltr'><strong>consocii</strong></span> <span class='ocrx_word' id='word_1_205' title='bbox 952 2607 1087 2690; x_wconf 86' lang='lat' dir='ltr'><strong>expletis</strong></span> <span class='ocrx_word' id='word_1_206' title='bbox 1110 2608 1196 2673; x_wconf 85' lang='lat' dir='ltr'><strong>votis</strong></span> 
     </span>
    </p>
   </div>
   <div class='ocr_carea' id='block_1_11' title="bbox 180 2839 1197 2992">
    <p class='ocr_par' dir='ltr' id='par_1_12' title="bbox 180 2839 1197 2992">
     <span class='ocr_line' id='line_1_32' title="bbox 259 2839 1197 2933; baseline 0.002 -29"><span class='ocrx_word' id='word_1_207' title='bbox 259 2839 353 2933; x_wconf 58' lang='lat' dir='ltr'><strong>rip—is</strong></span> <span class='ocrx_word' id='word_1_208' title='bbox 377 2851 504 2905; x_wconf 86' lang='lat' dir='ltr'><strong>Romano</strong></span> <span class='ocrx_word' id='word_1_209' title='bbox 527 2849 645 2920; x_wconf 90' lang='lat' dir='ltr'><strong>imperio</strong></span> <span class='ocrx_word' id='word_1_210' title='bbox 669 2850 706 2904; x_wconf 98' lang='lat' dir='ltr'><strong>F.</strong></span> <span class='ocrx_word' id='word_1_211' title='bbox 730 2853 762 2932; x_wconf 61' lang='grc' dir='ltr'><strong>ξπ</strong></span> <span class='ocrx_word' id='word_1_212' title='bbox 779 2852 809 2905; x_wconf 91' lang='lat' dir='ltr'><em>D</em></span> <span class='ocrx_word' id='word_1_213' title='bbox 822 2853 914 2932; x_wconf 41' lang='lat' dir='ltr'><strong>&#39;cerba</strong></span> <span class='ocrx_word' id='word_1_214' title='bbox 932 2852 1018 2906; x_wconf 81' lang='lat' dir='ltr'><strong>deleta</strong></span> <span class='ocrx_word' id='word_1_215' title='bbox 1035 2857 1108 2906; x_wconf 78' lang='lat' dir='ltr'><strong>suut.</strong></span> <span class='ocrx_word' id='word_1_216' title='bbox 1142 2856 1197 2921; x_wconf 58' lang='lat' dir='ltr'><strong>iffi</strong></span> 
     </span>
     <span class='ocr_line' id='line_1_33' title="bbox 180 2923 1197 2992; baseline 0.001 -16"><span class='ocrx_word' id='word_1_217' title='bbox 180 2923 253 2992; x_wconf 82' lang='lat' dir='ltr'><strong>quod</strong></span> <span class='ocrx_word' id='word_1_218' title='bbox 266 2939 336 2991; x_wconf 86' lang='lat' dir='ltr'><strong>rpsrs</strong></span> <span class='ocrx_word' id='word_1_219' title='bbox 350 2939 407 2977; x_wconf 78' lang='lat' dir='ltr'><strong>noo</strong></span> <span class='ocrx_word' id='word_1_220' title='bbox 422 2923 664 2990; x_wconf 72' lang='lat' dir='ltr'><strong>presbeterorum,</strong></span> <span class='ocrx_word' id='word_1_221' title='bbox 683 2939 717 2976; x_wconf 78' lang='lat' dir='ltr'><strong>ca</strong></span> <span class='ocrx_word' id='word_1_222' title='bbox 729 2938 848 2991; x_wconf 90' lang='lat' dir='ltr'><strong>nnpeno</strong></span> <span class='ocrx_word' id='word_1_223' title='bbox 863 2928 961 2991; x_wconf 82' lang='lat' dir='ltr'><strong>ortum,</strong></span> <span class='ocrx_word' id='word_1_224' title='bbox 976 2925 1093 2977; x_wconf 84' lang='lat' dir='ltr'><strong>alterum</strong></span> <span class='ocrx_word' id='word_1_225' title='bbox 1107 2930 1197 2977; x_wconf 84' lang='lat' dir='ltr'><strong>autem</strong></span> 
     </span>
    </p>
   </div>
   <div class='ocr_carea' id='block_1_12' title="bbox 181 2991 1313 3068">
    <p class='ocr_par' dir='ltr' id='par_1_13' title="bbox 181 2991 1313 3068">
     <span class='ocr_line' id='line_1_34' title="bbox 181 2991 1313 3068; baseline -0.001 -22"><span class='ocrx_word' id='word_1_226' title='bbox 181 2994 253 3062; x_wconf 84' lang='lat' dir='ltr'><strong>quod</strong></span> <span class='ocrx_word' id='word_1_227' title='bbox 274 2995 397 3062; x_wconf 80' lang='lat' dir='ltr'><strong>sequitur</strong></span> <span class='ocrx_word' id='word_1_228' title='bbox 419 2993 580 3047; x_wconf 83' lang='lat' dir='ltr'><strong>uocabulum</strong></span> <span class='ocrx_word' id='word_1_229' title='bbox 602 2991 721 3062; x_wconf 90' lang='lat' dir='ltr'><strong>imperio</strong></span> <span class='ocrx_word' id='word_1_230' title='bbox 744 2995 887 3048; x_wconf 72' lang='lat' dir='ltr'><strong>delendum</strong></span> <span class='ocrx_word' id='word_1_231' title='bbox 905 3009 958 3047; x_wconf 80' lang='lat' dir='ltr'><strong>esse</strong></span> <span class='ocrx_word' id='word_1_232' title='bbox 981 2996 1091 3049; x_wconf 74' lang='lat' dir='ltr'><strong>conieci</strong></span> <span class='ocrx_word' id='word_1_233' title='bbox 1127 2992 1196 3047; x_wconf 86' lang='lat' dir='ltr'><strong>Con·</strong></span> <span class='ocrx_word' id='word_1_234' title='bbox 1312 3015 1313 3068; x_wconf 69' lang='lat'><strong>,</strong></span> 
     </span>
    </p>
   </div>
   <div class='ocr_carea' id='block_1_13' title="bbox 179 3062 1196 3485">
    <p class='ocr_par' dir='ltr' id='par_1_14' title="bbox 179 3062 1196 3485">
     <span class='ocr_line' id='line_1_35' title="bbox 181 3062 1194 3134; baseline 0.002 -18"><span class='ocrx_word' id='word_1_235' title='bbox 181 3062 306 3116; x_wconf 85' lang='lat' dir='ltr'><strong>stantino</strong></span> <span class='ocrx_word' id='word_1_236' title='bbox 329 3065 405 3118; x_wconf 83' lang='lat' dir='ltr'><strong>codd.</strong></span> <span class='ocrx_word' id='word_1_237' title='bbox 446 3062 612 3118; x_wconf 81' lang='lat' dir='ltr'><strong>Constantio</strong></span> <span class='ocrx_word' id='word_1_238' title='bbox 636 3065 742 3118; x_wconf 67' lang='lat' dir='ltr'><strong>mercat</strong></span> <span class='ocrx_word' id='word_1_239' title='bbox 764 3080 797 3118; x_wconf 78' lang='lat' dir='ltr'><strong>ea</strong></span> <span class='ocrx_word' id='word_1_240' title='bbox 815 3065 853 3118; x_wconf 83' lang='lat' dir='ltr'><strong>eia</strong></span> <span class='ocrx_word' id='word_1_241' title='bbox 876 3081 945 3133; x_wconf 82' lang='lat' dir='ltr'><strong>quoe</strong></span> <span class='ocrx_word' id='word_1_242' title='bbox 962 3065 1041 3132; x_wconf 76' lang='lat' dir='ltr'><strong>iufra</strong></span> <span class='ocrx_word' id='word_1_243' title='bbox 1059 3066 1194 3134; x_wconf 74' lang='lat' dir='ltr'><strong>leqrmtur.</strong></span> 
     </span>
     <span class='ocr_line' id='line_1_36' title="bbox 181 3133 1196 3203; baseline -0.002 -13"><span class='ocrx_word' id='word_1_244' title='bbox 181 3135 208 3202; x_wconf 82' lang='grc'><strong>8)</strong></span> <span class='ocrx_word' id='word_1_245' title='bbox 227 3133 401 3203; x_wconf 85' lang='lat' dir='ltr'><strong>praedictam</strong></span> <span class='ocrx_word' id='word_1_246' title='bbox 420 3137 457 3190; x_wconf 76' lang='lat' dir='ltr'><strong>a&#39;fi</strong></span> <span class='ocrx_word' id='word_1_247' title='bbox 474 3140 580 3189; x_wconf 64' lang='lat' dir='ltr'><strong>outa-11</strong></span> <span class='ocrx_word' id='word_1_248' title='bbox 597 3134 634 3188; x_wconf 88' lang='lat' dir='ltr'><strong>F.</strong></span> <span class='ocrx_word' id='word_1_249' title='bbox 665 3135 741 3188; x_wconf 80' lang='lat' dir='ltr'><strong>inD</strong></span> <span class='ocrx_word' id='word_1_250' title='bbox 755 3135 838 3188; x_wconf 65' lang='lat' dir='ltr'><strong>umba</strong></span> <span class='ocrx_word' id='word_1_251' title='bbox 852 3136 938 3190; x_wconf 80' lang='lat' dir='ltr'><strong>deleto</strong></span> <span class='ocrx_word' id='word_1_252' title='bbox 956 3141 1029 3190; x_wconf 84' lang='lat' dir='ltr'><strong>suut.</strong></span> <span class='ocrx_word' id='word_1_253' title='bbox 1101 3149 1196 3188; x_wconf 86' lang='lat' dir='ltr'><strong>amore</strong></span> 
     </span>
     <span class='ocr_line' id='line_1_37' title="bbox 180 3203 1196 3275; baseline -0.001 -16"><span class='ocrx_word' id='word_1_254' title='bbox 180 3206 238 3274; x_wconf 77' lang='lat' dir='ltr'><strong>ipsc</strong></span> <span class='ocrx_word' id='word_1_255' title='bbox 251 3206 361 3261; x_wconf 62' lang='lat' dir='ltr'><strong>cardea.</strong></span> <span class='ocrx_word' id='word_1_256' title='bbox 454 3211 486 3260; x_wconf 77' lang='lat'><strong>12</strong></span> <span class='ocrx_word' id='word_1_257' title='bbox 501 3205 579 3272; x_wconf 76' lang='lat' dir='ltr'><strong>tybis</strong></span> <span class='ocrx_word' id='word_1_258' title='bbox 594 3207 633 3272; x_wconf 85' lang='lat' dir='ltr'><strong>D,</strong></span> <span class='ocrx_word' id='word_1_259' title='bbox 651 3206 745 3260; x_wconf 76' lang='lat' dir='ltr'><strong>tiberis</strong></span> <span class='ocrx_word' id='word_1_260' title='bbox 759 3203 796 3259; x_wconf 92' lang='lat' dir='ltr'><strong>F.</strong></span> <span class='ocrx_word' id='word_1_261' title='bbox 891 3212 923 3260; x_wconf 82' lang='lat'><strong>13</strong></span> <span class='ocrx_word' id='word_1_262' title='bbox 937 3204 1029 3275; x_wconf 86' lang='lat' dir='ltr'><strong>ipsam</strong></span> <span class='ocrx_word' id='word_1_263' title='bbox 1042 3203 1144 3258; x_wconf 87' lang='lat' dir='ltr'><strong>fuisset</strong></span> <span class='ocrx_word' id='word_1_264' title='bbox 1157 3205 1196 3270; x_wconf 91' lang='lat' dir='ltr'><strong>D,</strong></span> 
     </span>
     <span class='ocr_line' id='line_1_38' title="bbox 180 3274 1195 3346; baseline 0 -18"><span class='ocrx_word' id='word_1_265' title='bbox 180 3274 282 3330; x_wconf 77' lang='lat' dir='ltr'><strong>fideret</strong></span> <span class='ocrx_word' id='word_1_266' title='bbox 299 3274 391 3346; x_wconf 89' lang='lat' dir='ltr'><strong>ipsam</strong></span> <span class='ocrx_word' id='word_1_267' title='bbox 409 3277 445 3330; x_wconf 91' lang='lat' dir='ltr'><strong>F.</strong></span> <span class='ocrx_word' id='word_1_268' title='bbox 545 3283 578 3330; x_wconf 85' lang='lat'><strong>14</strong></span> <span class='ocrx_word' id='word_1_269' title='bbox 597 3274 817 3346; x_wconf 89' lang='lat' dir='ltr'><strong>pulcritudinem</strong></span> <span class='ocrx_word' id='word_1_270' title='bbox 836 3275 872 3329; x_wconf 89' lang='lat' dir='ltr'><strong>F.</strong></span> <span class='ocrx_word' id='word_1_271' title='bbox 968 3282 1001 3330; x_wconf 83' lang='lat'><strong>19</strong></span> <span class='ocrx_word' id='word_1_272' title='bbox 1021 3274 1100 3328; x_wconf 88' lang='lat' dir='ltr'><strong>sicud</strong></span> <span class='ocrx_word' id='word_1_273' title='bbox 1119 3277 1195 3330; x_wconf 85' lang='lat' dir='ltr'><strong>codd.</strong></span> 
     </span>
     <span class='ocr_line' id='line_1_39' title="bbox 181 3345 1196 3416; baseline -0.001 -16"><span class='ocrx_word' id='word_1_274' title='bbox 181 3352 213 3403; x_wconf 84' lang='lat' dir='ltr'><strong>ut</strong></span> <span class='ocrx_word' id='word_1_275' title='bbox 229 3363 316 3416; x_wconf 79' lang='lat' dir='ltr'><strong>saepe.</strong></span> <span class='ocrx_word' id='word_1_276' title='bbox 408 3353 442 3401; x_wconf 81' lang='lat'><strong>20</strong></span> <span class='ocrx_word' id='word_1_277' title='bbox 460 3349 622 3416; x_wconf 89' lang='lat' dir='ltr'><strong>poteramus</strong></span> <span class='ocrx_word' id='word_1_278' title='bbox 642 3348 734 3413; x_wconf 77' lang='lat' dir='ltr'><strong>codd,</strong></span> <span class='ocrx_word' id='word_1_279' title='bbox 754 3345 910 3416; x_wconf 88' lang='lat' dir='ltr'><strong>poterimus</strong></span> <span class='ocrx_word' id='word_1_280' title='bbox 928 3348 1035 3416; x_wconf 70' lang='lat' dir='ltr'><strong>serapti.</strong></span> <span class='ocrx_word' id='word_1_281' title='bbox 1113 3352 1147 3400; x_wconf 80' lang='lat'><strong>26</strong></span> <span class='ocrx_word' id='word_1_282' title='bbox 1167 3347 1196 3400; x_wconf 88' lang='lat' dir='ltr'><strong>et</strong></span> 
     </span>
     <span class='ocr_line' id='line_1_40' title="bbox 179 3418 485 3485; baseline 0.003 -16"><span class='ocrx_word' id='word_1_283' title='bbox 179 3433 216 3470; x_wconf 89' lang='lat' dir='ltr'><strong>nc</strong></span> <span class='ocrx_word' id='word_1_284' title='bbox 235 3418 326 3485; x_wconf 81' lang='lat' dir='ltr'><strong>codol,</strong></span> <span class='ocrx_word' id='word_1_285' title='bbox 346 3419 375 3472; x_wconf 88' lang='lat' dir='ltr'><strong>et</strong></span> <span class='ocrx_word' id='word_1_286' title='bbox 392 3419 485 3472; x_wconf 81' lang='lat' dir='ltr'><strong>delevi.</strong></span> 
     </span>
    </p>
   </div>
   <div class='ocr_carea' id='block_1_14' title="bbox 0 0 1337 3900">
    <p class='ocr_par' dir='ltr' id='par_1_15' title="bbox 0 0 1337 3900">
     <span class='ocr_line' id='line_1_41' title="bbox 0 0 1337 3900; baseline 0 0"><span class='ocrx_word' id='word_1_287' title='bbox 0 0 1337 3900; x_wconf 95' lang='lat' dir='ltr'><strong> </strong></span> 
     </span>
    </p>
   </div>
  </div>
 </body>
</html>
