2654 3900
557 197 752 262 -3..

149 361 217 426 suis
236 360 278 425 ad
296 382 459 426 recessum
486 382 519 425 se
540 361 748 444 disponentes
768 362 801 424 et
820 361 953 441 accepta
971 358 1104 424 licentia
1123 360 1165 424 ab

148 450 278 533 hospite
301 449 417 515 domus
440 449 480 515 de
498 450 576 515 urbe
598 450 808 515 recesserunt.
853 444 934 512 Cum
954 447 1165 531 quibuscum

148 539 296 623 praefata
332 537 459 603 Helena
493 538 641 604 recedere
677 536 791 619 vellet,
826 534 946 619 hospes
980 537 1010 600 ei
1041 536 1165 602 furtum

149 627 315 694 cuiusdam
333 649 411 692 suae
424 627 472 692 rei
490 649 587 711 quam
600 626 664 691 sibi
678 625 821 690 furatam
836 625 976 690 asseruit
993 625 1164 709 imponens

121 718 256 801 sipsam
289 738 386 800 quam
418 716 457 780 de
485 738 524 781 aa
550 716 625 800 plus
654 714 727 779 aliis
760 717 944 798 suspectam
976 712 1097 779 habere
1130 735 1165 779 se
1253 793 1254 798 ἵ

149 806 233 870 dixit
259 826 427 890 quousque
454 827 523 869 rem
551 826 644 870 suam
671 807 891 887 recuperaret,
919 802 958 866 de
986 802 1082 868 domo
1106 825 1166 867 sua

149 894 291 959 dimissis
328 894 400 958 aliis
439 893 505 958 suis
538 892 695 959 consociis
727 892 874 957 recedere
905 911 972 955 non
1006 891 1164 975 permisit.

151 981 255 1048 Sociis
282 1004 358 1047 vero
387 983 455 1047 eius
483 975 522 1047 ea
550 1004 622 1048 cum
646 1001 765 1066 magno
789 980 911 1046 eiulatu
937 979 1092 1045 derelicta
1116 1001 1164 1044 re·

150 1071 336 1136 cedentibus
352 1072 478 1156 cogitur
492 1070 690 1155 paupercula
704 1072 774 1135 sola
787 1090 964 1134 remanere.
987 1067 1164 1134 Recessum

107 1177 134 1218 1⁰
147 1182 224 1226 vero
245 1160 406 1226 sociorum
421 1160 610 1243 imperatori
624 1159 774 1224 nuntiato
791 1159 969 1242 imperetur
982 1157 1052 1240 ipse
1068 1161 1165 1241 capta

148 1249 393 1333 opportunitate
412 1249 503 1312 venit
521 1249 562 1312 sd
580 1249 712 1313 domum
730 1247 870 1331 hospitis
888 1268 987 1330 supra
1006 1245 1085 1310 dieti
1103 1246 1164 1310 ibi·

150 1357 214 1420 que
239 1337 467 1421 pauperculam
495 1336 678 1402 solitariam
705 1336 872 1400 inventam
895 1338 1052 1418 tanquam
1075 1334 1164 1398 canis

150 1513 281 1597 cupiens
297 1513 459 1597 oppressit
473 1514 605 1598 eiusque
623 1513 799 1596 pudicitiae
817 1512 930 1577 florem
952 1533 991 1576 ea
1009 1516 1165 1596 quantum

108 1620 133 1662 u
147 1603 257 1686 potuit
283 1603 443 1668 renitente
472 1601 610 1667 abstulit
636 1601 804 1667 violenter.
846 1601 1029 1684 Imperator
1057 1603 1165 1665 autem

148 1691 278 1774 expleto
302 1712 361 1755 suo
384 1690 561 1755 libidinoso
585 1695 704 1756 conatu
723 1690 855 1774 eiusque
873 1688 1042 1754 desideriis
1067 1689 1163 1753 satia-

147 1782 201 1842 tus
228 1778 341 1843 ridens
368 1777 529 1843 Helenam
560 1779 598 1844 de
627 1801 664 1845 re
692 1782 880 1862 perpetrata
907 1799 1005 1861 super
1031 1777 1164 1843 modurn

148 1866 313 1931 dolentem
337 1870 370 1930 et
399 1867 565 1931 turbatam
588 1868 854 1951 amarissimeque
876 1865 1008 1930 flantem
1032 1887 1070 1931 ac
1092 1869 1163 1931 tan·

147 1959 217 2018 tam
240 1956 275 2019 in
297 1955 370 2038 ipso
395 1959 469 2020 actu
492 1958 525 2020 et
546 1961 623 2040 post
636 1956 789 2022 habuisse
813 1959 845 2020 ct
868 1955 988 2020 habere
1014 1973 1165 2020 verecun-

106 2061 133 2102 11
148 2043 236 2108 diam
261 2043 348 2126 cepit
369 2043 532 2128 inquirere
553 2045 741 2110 admirando
759 2044 843 2108 unde
862 2047 895 2109 at
918 2065 1000 2128 quae
1019 2047 1107 2108 esset
1130 2046 1163 2108 et

148 2133 218 2196 eius
241 2130 448 2196 condiciones
472 2137 505 2198 et
528 2153 630 2218 genus
651 2133 791 2198 sollicite
814 2132 979 2216 indagare.
1014 2131 1061 2197 Et
1078 2154 1164 2196 oom-

147 2223 241 2301 perto
263 2219 350 2303 quod
370 2219 466 2285 fidem
486 2219 610 2286 Christi
629 2222 751 2287 coleret
773 2221 850 2286 licet
872 2221 942 2304 ipse
966 2221 1163 2306 gentilitatis

146 2311 315 2372 teneretur
338 2329 461 2393 errore,
489 2310 642 2375 misertus
666 2310 729 2375 sibi
753 2309 913 2394 quoddam
936 2313 1164 2374 ornamentum

147 2395 249 2460 mirae
266 2397 482 2480 pretiositatis
497 2420 534 2464 ac
549 2421 628 2463 auro
646 2397 883 2482 pretiosissimo
902 2397 1162 2481 pretiosissimis·

107 2501 133 2542 11
147 2505 209 2567 que
236 2485 374 2570 gemmis
405 2487 635 2571 compositum,
665 2508 727 2570 quo
757 2486 816 2551 illo
843 2491 989 2570 tempore
1018 2487 1080 2552 soli
1102 2487 1161 2550 im·

145 2577 313 2656 peratores
327 2573 362 2636 in
375 2572 520 2639 humeris
535 2577 645 2640 ornari
663 2578 908 2659 consueverunt,
927 2597 1000 2639 cum
1022 2575 1163 2658 quodam

146 2661 266 2726 annulo
294 2662 544 2747 pretiosissimo,
576 2685 672 2748 quern
699 2664 733 2727 in
766 2685 825 2728 sua
857 2663 1009 2748 gestabat
1040 2663 1164 2749 dextra,

147 2749 281 2814 donavit
304 2753 338 2814 et
360 2753 503 2816 recessit.

234 2837 436 2922 Paupercula
464 2845 573 2906 autem
602 2841 745 2906 sentiens
778 2839 817 2904 de
844 2840 1007 2923 imperiali
1039 2839 1197 2906 semine4

106 2943 132 2984 eo
146 2946 180 2989 se
199 2927 384 3009 concepisse
402 2932 530 2993 tantam
548 2929 584 2993 in
603 2951 636 2994 se
653 2928 881 2994 verecundiam
900 2930 1056 3012 concepit,
1075 2931 1163 3014 quod

146 3013 186 3078 ad
209 3014 355 3078 natalem
377 3017 519 3099 patriam
542 3039 707 3102 nunquam
730 3039 764 3082 se
789 3037 994 3082 reversurum
1016 3017 1086 3083 fore
1110 3017 1162 3083 de-

145 3103 261 3185 crevit3
289 3102 345 3166 sed
369 3105 409 3169 ad
438 3106 595 3190 quosdam
618 3107 722 3172 bonos
744 3105 893 3170 homines
916 3106 1012 3171 fidem
1036 3102 1162 3172 Christi

146 3194 268 3255 secrete
288 3190 430 3257 colentes
450 3194 584 3260 divertit
606 3198 730 3259 etcum
752 3194 832 3277 ipsis
856 3195 890 3258 in
908 3195 987 3259 urbe
1010 3195 1163 3261 habitare

217 3407 233 3456 t
251 3402 367 3471 sonasse
378 3409 441 3472 post
459 3403 493 3457 de
509 3419 542 3458 ea
555 3403 712 3460 addaram
731 3409 769 3460 eat
782 3421 821 3460 re.
914 3411 947 3459 11
967 3402 1162 3475 oportunitate

146 3473 222 3527 codd.
297 3479 331 3527 14
349 3473 491 3545 oppressit
509 3475 552 3542 D,
571 3473 693 3545 opressit
711 3474 747 3531 F.

964 3563 1001 3618 1*
