2654 3900
575 229 773 296 „6-

167 399 200 460 et
219 393 359 480 amplius
378 394 413 456 in
432 391 555 456 deliciis
575 390 801 456 educaverunt.
832 389 918 454 Puer
934 392 1043 455 autem
1062 387 1182 474 puerili

167 505 256 549 more
280 482 320 547 de
343 484 436 556 tanta
457 479 686 563 procuratione
708 479 791 543 bene
819 481 990 544 contentus
1015 477 1054 542 de
1077 480 1181 542 matre

166 572 328 637 modicum
353 568 592 634 sollicitabatur
614 589 674 632 nec
697 567 831 632 curavit.

131 659 150 722 8
253 657 361 724 Mater
387 679 462 723 vero
492 658 612 722 amisso
640 655 709 720 filio
738 656 845 740 coepit
872 656 949 722 flere
977 655 1181 721 amarissime

168 753 201 813 et
215 748 325 813 dolere
344 750 378 812 et
395 747 548 832 plangere
568 745 702 829 planctu
721 765 841 829 magno
860 743 982 810 dicens:
1006 743 1045 810 ‘0
1060 745 1106 809 mi
1124 742 1209 828 fili,⁵

163 839 298 922 propter
325 840 359 900 te
381 836 527 899 natalem
554 835 696 917 patriam
723 833 879 917 dereliqui
903 837 1055 918 parentes
1084 835 1180 898 notos

165 929 198 990 et
228 925 350 989 amicos
383 923 454 989 ullo
492 923 587 988 modo
619 923 729 988 videre
765 943 831 986 non
864 923 973 988 curavi
1006 927 1039 987 et
1072 942 1181 986 eorum

166 1017 301 1097 propter
332 1016 365 1077 te
398 1013 515 1076 orbata
547 1011 708 1077 solacione
740 1015 848 1075 tecum
884 1011 918 1074 in
955 1011 1052 1076 exilio
1080 1010 1182 1074 vitam

163 1102 259 1166 finire
288 1101 472 1166 deliberavi.
519 1099 614 1165 Nunc
641 1103 750 1164 autem
779 1121 840 1186 ego
867 1099 1064 1185 paupercula
1094 1099 1182 1164 omni

164 1189 282 1255 horum
302 1211 359 1274 spe
379 1189 535 1254 destituta
555 1210 618 1272 quo
636 1189 818 1253 divertam?
851 1187 903 1252 Ad
922 1189 1063 1272 patriam
1077 1187 1181 1253 redire
1196 1203 1223 1243 1⁰

165 1282 199 1343 et
217 1278 265 1342 ibi
284 1279 369 1342 inter
388 1277 509 1342 amicos
525 1277 628 1342 vitam
642 1277 730 1342 omni
748 1277 871 1341 solacio
890 1277 1048 1342 destituta
1067 1276 1181 1340 ducere

166 1365 243 1451 quid
278 1366 365 1430 aliud
399 1370 485 1431 esset
516 1388 613 1451 quam
646 1366 744 1430 morti
779 1365 904 1431 aditum
932 1365 1064 1431 cottidie
1091 1386 1182 1448 prae·

164 1455 304 1539 parare?
344 1453 461 1518 Melius
490 1457 540 1518 eet
567 1454 649 1517 mihi
676 1454 762 1518 inter
788 1454 919 1538 ignotos
950 1461 983 1518 et
1011 1456 1181 1518 extraneos

163 1544 279 1608 mortis
303 1543 476 1625 imperium
499 1542 707 1626 praestolari,
735 1563 816 1626 quae
840 1545 878 1607 ut
906 1563 1000 1626 spero
1023 1542 1077 1606 hic
1099 1541 1181 1606 mihi

163 1631 260 1696 citius
279 1631 395 1714 rapiet,
413 1631 470 1696 ubi
487 1630 577 1694 nullo
597 1631 724 1696 reficior
742 1629 873 1713 solacio,
897 1652 993 1715 quam
1014 1631 1049 1695 in
1063 1630 1179 1714 patria,
1194 1643 1221 1684 1⁵

163 1720 220 1784 ubi
249 1719 388 1785 fortasse
419 1718 528 1803 aliquo
560 1719 739 1784 amicorum
772 1718 883 1783 adiuta
914 1719 1078 1803 praesidio
1111 1719 1181 1783 eiua

163 1829 293 1891 possem
323 1808 446 1872 diutius
478 1807 651 1873 adventum
680 1806 903 1890 praestolare'.
946 1807 1007 1872 His
1038 1811 1071 1873 et
1099 1808 1180 1872 eius-

164 1897 253 1961 modi
280 1896 466 1981 planotibus
493 1896 612 1960 fortius
642 1899 674 1961 et
703 1896 832 1980 saepius
861 1896 1019 1960 revolutis
1050 1895 1181 1960 tandem

163 1985 361 2068 paupercula
397 1984 435 2049 de
476 1983 536 2048 filii
568 1984 812 2066 recuperatione
849 1982 1021 2068 desperata
1057 1985 1180 2049 victum

164 2073 328 2156 manibus,
360 2076 396 2137 ut
418 2073 509 2157 prius
533 2075 757 2154 consueverat,
781 2073 941 2157 quaesivit
965 2076 998 2137 et
1020 2073 1123 2138 vitam
1146 2075 1180 2137 in
1194 2086 1221 2127 ²⁰

164 2162 317 2227 continuo
345 2160 479 2245 planctu
507 2165 540 2226 et
563 2182 708 2226 maerore
736 2183 794 2244 per
820 2161 929 2244 plures
954 2183 1055 2226 annos
1080 2161 1180 2226 duxit.

128 2248 148 2311 9
253 2249 398 2314 Tandem
425 2249 556 2332 reprobi
583 2252 779 2314 mercatores
812 2250 970 2333 praedicti
998 2251 1179 2334 cogitatum

162 2361 257 2403 suum
280 2338 462 2422 malignum
485 2337 525 2401 ad
548 2337 698 2402 effectum
725 2338 898 2421 perducere
923 2343 1109 2422 satagentes
1132 2360 1180 2402 re-

163 2427 300 2492 collecta
329 2426 463 2490 navium
500 2425 708 2490 multitudine
744 2426 784 2490 ad
817 2431 949 2510 portum
983 2427 1179 2492 Graecorum

163 2515 330 2599 applicant
365 2515 475 2598 ibique
512 2512 764 2578 Constantinum
799 2536 936 2598 puerum
977 2515 1180 2600 praedictum
1193 2527 1220 2568 2⁵

162 2603 308 2668 vestibus
345 2602 544 2668 ornamentis
580 2606 614 2666 ct
646 2603 859 2687 apparatibus
890 2604 989 2688 regiis
1023 2604 1179 2668 amictum

163 2713 272 2757 secum
305 2691 508 2757 adduxerunt
540 2693 573 2755 et
604 2692 736 2756 nuntios
770 2692 826 2775 qui
859 2691 1034 2756 adrentum
1066 2714 1178 2756 eorum

163 2803 236 2845 oum
268 2781 355 2846 dioto
387 2801 487 2865 puero
522 2781 712 2862 imperatori
748 2778 946 2845 Graecorum
981 2779 1179 2863 nuntiarent,

235 3014 251 3062 6
270 3007 409 3076 dereliqui
427 3007 464 3074 F,
484 3005 592 3075 deliqui
609 3007 646 3061 D.
722 3013 736 3061 7
756 3003 814 3060 ullo
833 3008 891 3076 ipae
909 3008 1020 3062 conieci.
1053 3011 1131 3062 amo
1150 3006 1180 3060 D

164 3079 306 3148 (animm),
327 3077 446 3133 amodo
465 3078 501 3134 F.
534 3078 678 3144 Fortasse,
702 3078 784 3132 etiam
804 3077 945 3132 uerborum
963 3079 1102 3148 positioac
1119 3094 1179 3130 ma-

162 3155 223 3205 tuta
247 3151 287 3205 aio
308 3150 481 3205 ecrcbendam
502 3153 554 3204 eet.-
579 3164 636 3202 non
661 3145 757 3202 curavi
779 3145 838 3201 ullo
862 3148 946 3202 modo
968 3148 1071 3203 videre.
1146 3153 1178 3200 12

163 3220 291 3274 additum
305 3222 381 3276 codd.
455 3218 573 3274 cottidie
588 3221 664 3274 codd.
739 3224 772 3272 14
786 3219 816 3272 et
831 3224 864 3272 15
883 3218 971 3275 Verba
989 3218 1035 3272 hic
1053 3216 1124 3270 mihi
1144 3248 1177 3257 -

163 3307 247 3360 quam
265 3308 315 3347 om.
335 3291 371 3345 F.
464 3297 496 3346 17
521 3287 694 3360 praestolare
718 3290 793 3344 codd.
817 3290 934 3356 sortasse
955 3291 1037 3344 caum
1055 3289 1180 3343 hocloco

163 3368 298 3432 utsupra
316 3363 489 3418 scribendam
507 3367 545 3416 eet
563 3359 739 3430 praestolari.
760 3391 792 3400 —
812 3359 875 3414 Hiis
894 3363 971 3416 codd.
1054 3360 1100 3428 23)
1115 3364 1180 3429 post

163 3433 305 3487 recolecta
323 3433 354 3487 F
374 3432 521 3488 iniecerit
539 3432 750 3502 quoddcmte'a
768 3432 805 3485 D.
896 3437 930 3486 27
949 3427 1083 3485 nunccios
1103 3431 1179 3486 codd.

163 3509 198 3558 28
217 3503 400 3560 nuncciarent
417 3505 494 3560 codd.
