2654 3900
558 249 785 347 --14--1

158 410 319 496 citabunt,
347 409 474 494 quando
503 411 564 474 crit
592 409 745 494 tempus'.
795 409 911 475 Mulier
947 413 1070 490 autem,
1098 407 1173 493 quia

158 501 262 584 magis
299 500 490 564 meticulosa
525 500 597 564 ideo
635 501 741 584 magis
774 499 914 564 sollicita
921 551 930 583 ,
962 518 1097 583 surgens
1135 497 1173 561 dc

157 589 241 654 lecto
274 593 307 654 et
338 589 451 653 induta
483 589 629 655 vestibus
662 589 762 654 exivit
794 588 832 653 de
864 589 1005 654 tentorio
1039 590 1072 650 et
1100 607 1173 651 cnm

159 679 406 762 circumquaque
429 678 640 762 perquisisset
668 700 728 743 nec
751 699 850 743 naves
873 700 933 743 nec
955 677 1104 743 homines
1126 676 1173 741 in-

159 767 315 852 venisset,
343 789 473 832 reversa
503 766 544 832 ad
572 768 676 833 virum
704 790 777 832 cum
805 789 926 854 magno
955 766 1077 832 eiulatu
1104 787 1173 830 rem
1200 785 1212 824 s

160 859 288 940 gestam
311 857 393 920 dixit
416 856 487 921 sibi.
524 856 587 932 Qui
609 857 671 922 hoc
694 857 804 922 audito
829 879 944 922 manus
967 856 1003 921 in
1024 855 1172 938 proprios

160 945 295 1029 capillos
326 945 472 1010 iniiciens
501 967 598 1030 seque
631 946 824 1030 decapillare
855 947 1013 1030 incipiens
1045 943 1174 1008 fortiter

159 1035 194 1098 in
223 1038 349 1099 tantam
378 1035 645 1099 lamentationem
674 1040 707 1099 et
729 1035 872 1100 dolorem
895 1033 1057 1119 prorupit,
1080 1033 1173 1117 quod,

157 1123 221 1188 nisi
253 1123 368 1188 mulier
401 1123 469 1188 eius
505 1122 649 1190 dolorem
683 1124 789 1189 verbis
822 1123 1051 1189 consolatoriis
1085 1121 1172 1186 miti-

158 1216 279 1296 gasset,
303 1234 337 1276 se
359 1212 467 1296 ipsum
486 1216 523 1276 ut
542 1214 678 1277 aestimo
701 1213 832 1297 proprio
851 1212 960 1299 gladio
984 1211 1174 1296 peremisset
1189 1231 1214 1269 10
1322 1259 1323 1264 η

159 1301 281 1366 dicens:
311 1300 352 1366 ‘O
383 1301 501 1366 dilecta
530 1301 662 1367 domina
689 1324 762 1366 mea
790 1306 823 1366 et
846 1325 978 1387 sponsa,
1001 1322 1061 1386 ego
1086 1301 1173 1365 enim

159 1413 230 1454 snm
258 1391 410 1474 pauperis
441 1391 585 1456 mulieris
613 1391 697 1455 filius
721 1395 754 1455 et
776 1391 838 1456 tibi
860 1391 1081 1457 nobilissimae
1105 1412 1173 1454 mu-

158 1479 231 1544 lieri
258 1501 317 1564 per
344 1479 490 1544 fraudem
519 1484 552 1544 et
585 1479 694 1545 dolum
727 1481 973 1545 maledictorum
1002 1479 1172 1544 hominum

158 1568 338 1652 copulatus.
375 1568 463 1645 Quot
486 1572 519 1633 et
543 1569 657 1654 quanti
680 1569 714 1632 in
737 1569 831 1634 domo
854 1569 958 1653 patris
982 1569 1030 1632 tui
1053 1569 1171 1651 reperi-

157 1660 269 1740 untur,
300 1657 356 1741 qui
386 1657 475 1742 digni
504 1662 536 1722 tc
566 1679 626 1741 pro
656 1658 784 1723 familia
812 1680 880 1723 non
913 1662 988 1723 sunt
1019 1658 1171 1740 reputati,
1187 1683 1212 1722 15

158 1768 294 1832 quorum
318 1767 379 1832 ego
402 1746 530 1810 ratione
559 1747 687 1832 generis
712 1769 822 1812 servus
851 1769 921 1812 esse
944 1769 1010 1812 non
1033 1767 1172 1831 possem.

157 1835 230 1920 Ego
254 1835 341 1900 enim
365 1857 437 1900 sum
461 1858 559 1900 causa
576 1837 690 1901 mortis
709 1839 784 1901 tuae
809 1837 906 1900 etad
924 1836 1022 1916 istum
1041 1836 1172 1900 misera-

158 1923 257 1989 bilem
272 1925 440 1989 interitum
454 1928 488 1988 te
506 1925 649 2008 perduxi.
680 1923 832 2008 Supplieo
848 1929 884 1990 ut
902 1926 954 1991 vel
972 1947 1023 1990 me
1038 1925 1170 2009 proprio

3 2065 4 2084 i
159 2013 266 2098 gladio
290 2013 466 2094 interficias
490 2014 540 2078 vel
563 2014 699 2096 patiaris
723 2036 774 2078 me
797 2014 905 2098 ipsum
928 2012 1096 2100 iugulare'.

105 2102 148 2165 22
247 2101 363 2167 Mulier
390 2125 467 2168 uero
496 2103 564 2166 eius
593 2103 694 2167 nimio
723 2102 835 2168 dolore
862 2107 951 2168 mota
979 2103 1105 2186 sibique
1134 2125 1172 2166 cx
1187 2131 1214 2172 ro

158 2192 253 2256 corde
281 2191 473 2274 conpatiens
507 2192 737 2256 consolabatur
768 2193 877 2276 ipsum
911 2193 1034 2258 dicens:
1063 2191 1172 2257 ‘Unde

159 2284 216 2344 aut
234 2280 324 2345 cuius
348 2279 544 2346 condicionis
567 2281 620 2345 vel
639 2281 767 2365 generis
787 2281 831 2346 sis
849 2282 901 2346 vel
920 2281 1033 2364 fueris,
1052 2281 1091 2344 de
1109 2281 1171 2346 hoc

157 2391 224 2434 non
248 2391 381 2453 quaer03
405 2369 471 2434 scio
491 2369 578 2434 enim
597 2370 684 2454 quod
703 2370 784 2434 mihi
803 2371 837 2435 in
855 2371 1007 2436 maritum
1026 2369 1078 2435 vel
1097 2391 1171 2434 con·
1262 2411 1264 2415 -

157 2457 268 2544 iugem
291 2458 434 2524 sociatus
457 2480 501 2542 es,
525 2481 544 2522 a
563 2461 596 2522 te
614 2481 792 2544 numquam
815 2463 947 2544 propter
970 2461 1096 2542 patrem
1116 2463 1172 2524 aut

158 2551 294 2612 matrem
308 2552 365 2613 aut
379 2547 523 2632 aliquam
537 2568 711 2631 personam
725 2548 886 2613 viventem
901 2548 1077 2633 separabor
1095 2548 1171 2614 dum
1185 2576 1212 2616 as
1322 2623 1323 2636 χ

159 2637 277 2702 vixero.
318 2635 387 2702 Nec
405 2641 516 2720 potest
532 2659 583 2702 res
601 2637 674 2721 ipsa
693 2638 814 2722 absque
834 2638 981 2703 miraculi
999 2637 1170 2723 praesagio

159 2728 192 2789 et
210 2726 415 2791 ordinatione
434 2725 543 2790 divina
557 2726 726 2810 accidisse3
744 2729 877 2811 propter
896 2727 982 2811 quod
1001 2726 1070 2809 ipse
1085 2727 1172 2810 deus,

159 2814 187 2878 si
206 2815 241 2880 in
260 2815 368 2899 ipsum
387 2815 522 2880 firmiter
542 2816 789 2900 speraverimus,
808 2837 867 2880 nos
887 2815 925 2880 de
944 2817 1058 2880 nostra
1076 2815 1171 2880 citius

159 2904 312 2989 angustia
334 2903 494 2969 liberabit.
540 2901 703 2970 Constans
727 2907 797 2970 esto
821 2908 855 2969 et
877 2904 957 2970 boni
976 2904 1086 2989 animi,
1109 2925 1170 2990 ego
1322 2971 1323 2976 ,

159 2993 246 3056 enim
274 2992 378 3058 adhuc
405 2993 509 3058 habeo
537 2996 666 3060 tantum
693 2994 732 3060 de
760 2993 914 3077 pretiosis
943 2994 1085 3059 enceniis
1112 3016 1171 3077 per
1185 3021 1212 3060 so
1322 3023 1323 3048 ;

158 3084 295 3148 matrem
329 3103 435 3148 meam
465 3082 545 3148 mihi
577 3083 722 3168 traditis,
755 3083 886 3167 quibus,
919 3083 1093 3150 dummodo
1126 3083 1171 3145 dii

157 3171 262 3236 nostri
295 3171 336 3236 ad
373 3171 512 3256 aliquem
544 3175 675 3255 portum
712 3193 769 3236 seu
800 3172 1035 3238 habitationem
1066 3170 1171 3235 homi-

157 3281 235 3326 num
258 3260 349 3326 vivos
375 3282 436 3327 nos
459 3261 681 3346 perduxerint,
705 3261 824 3328 habere
847 3262 1024 3348 poterimus
1048 3260 1170 3325 victum

230 3548 265 3597 20
284 3561 337 3613 que
355 3544 475 3599 deestis
493 3545 569 3599 codd
