2654 3900
168 338 324 424 incertus,
368 341 474 409 cuius¹
499 341 649 407 libellum
690 343 814 426 primus
857 342 955 426 edidi,
996 347 1109 409 auctor
1144 345 1183 410 de

169 428 311 492 enceniis
334 428 539 513 imperatoris
561 431 816 513 pretiosissimis.

257 515 306 580 De
343 515 493 582 omnibus
530 525 637 584 eutem
675 519 743 585 fere
778 520 875 584 rebus
913 541 932 582 a
967 516 1182 587 Constantino

167 603 288 690 Magno
318 605 419 688 gestis
452 627 525 670 oum
556 611 672 690 poetae
699 629 870 691 rerumque
899 609 1072 692 scriptores
1104 631 1183 674 vera

167 714 241 758 cum
264 694 349 760 fictis
369 697 401 758 et
423 693 519 778 plane
538 695 630 761 falsis
650 697 821 762 miscentes
842 698 894 761 set
912 698 1031 762 multas
1053 697 1182 763 fabulas

167 783 382 848 confinxerint
405 782 609 868 gloriamque
631 786 839 869 imperatoris
863 785 1007 850 omnium
1033 786 1182 852 christia·
1311 827 1312 834 κ

166 871 293 936 nissimi
324 872 386 936 fide
418 872 571 936 narrandi
602 895 736 956 prorsus
768 873 919 958 neglecte
951 877 1107 958 augentes
1140 875 1180 938 ed

165 963 313 1024 nostram
336 961 527 1024 memoriam
550 962 748 1046 rettulerint3
773 984 870 1046 quarn
894 962 1033 1026 maxime
1056 963 1182 1028 adhoc
1311 947 1312 982 ³

165 1051 295 1131 tempus
315 1049 433 1112 mirum
451 1048 515 1112 fuit
534 1049 573 1114 de
593 1051 653 1135 eis,
677 1072 759 1134 quae
777 1051 928 1116 iuvenis
947 1048 1181 1116 Constantinus

165 1136 337 1219 perfoderit
370 1137 550 1222 quibusque
582 1139 648 1204 iem
680 1140 805 1204 iuvenis
834 1139 993 1204 honorem
1024 1159 1181 1223 magnum
1311 1173 1312 1228 3

165 1224 302 1308 adeptus
327 1247 396 1289 esse
419 1226 557 1311 dicetur,
587 1249 699 1306 ornnes
724 1227 897 1312 scriptores
920 1227 986 1291 fere
1009 1227 1093 1291 nihil
1115 1233 1181 1294 tre·
1311 1247 1312 1326 q

164 1313 239 1378 dere
263 1313 461 1379 altissimum
485 1318 631 1382 tenentes
655 1316 830 1381 silentium.
865 1314 961 1380 Nunc
978 1337 1055 1382 vero
1077 1316 1181 1382 hebes
1311 1327 1312 1394 j

164 1402 264 1466 etiem
301 1403 340 1467 de
377 1403 542 1468 iuventute
579 1405 785 1489 imperatoris
818 1405 1041 1469 inlustrissimi
1074 1404 1180 1488 ‘opus-

164 1489 285 1554 culum'
309 1491 421 1555 multis
445 1492 561 1575 quibus
584 1492 673 1557 haud
694 1513 829 1576 pervum
851 1493 959 1576 capias
977 1494 1179 1578 voluptatem

162 1579 285 1643 fabulis
308 1579 484 1644 abundans.

251 1665 301 1732 De
323 1668 441 1732 herum
463 1668 650 1734 fabularum
677 1670 824 1735 fontibus
848 1671 942 1735 etde
965 1691 1092 1755 genere,
1115 1693 1179 1756 quo

162 1755 305 1820 incertus
332 1756 386 1821 hic
415 1759 527 1822 auctor
553 1758 588 1824 in
618 1758 665 1822 eis
694 1759 864 1823 narrandis
897 1781 974 1824 usus
1008 1764 1071 1844 est,
1088 1759 1179 1824 scri·

163 1844 260 1908 bendi
279 1845 440 1928 rebusque
458 1848 583 1928 ceteris,
605 1867 686 1930 quse
705 1847 828 1912 adhoc
847 1848 1041 1930 opusculum
1059 1849 1178 1913 rectius

63 1937 74 1966 ¹
153 1933 405 2016 percipiendum
428 1933 603 2013 attineant,
628 1935 693 1999 alio
717 1935 789 2000 loco
814 1955 885 2000 sum
909 1937 1122 2020 expositurus.

251 2019 419 2106 Codicum,
443 2043 482 2086 ex
501 2023 617 2106 quibus
635 2022 733 2087 huius
752 2024 829 2088 libri
849 2045 908 2107 per
926 2025 1031 2090 multa
1048 2025 1177 2089 saecule

162 2109 294 2174 silentio
321 2131 456 2194 prorsus
486 2112 636 2178 exstincti
664 2112 854 2178 memoriam
878 2114 1074 2197 repetiturus
1097 2133 1177 2196 sum,

161 2197 246 2263 ulter
262 2221 282 2263 s
300 2220 352 2263 me
372 2198 483 2263 littera
497 2197 527 2262 D
543 2200 744 2284 significatus
764 2205 815 2264 est
832 2201 1050 2266 bibliothecae
1069 2200 1178 2284 regiae
1311 2227 1312 2250 r

160 2286 308 2370 publicae
328 2286 519 2352 Dresdenris
544 2287 576 2352 ‘J
597 2287 667 2372 46',
691 2289 732 2352 ad
752 2311 848 2372 quam
868 2310 953 2354 anno
975 2289 1060 2352 1832
1081 2287 1110 2352 ‘e
1128 2293 1176 2352 ta·

161 2374 287 2439 bulurio
310 2375 413 2461 regio'
436 2377 593 2461 pervenit.
635 2375 782 2460 Scriptus
807 2380 869 2462 est,
897 2377 930 2440 id
953 2375 1039 2460 quod
1064 2396 1103 2439 ex
1125 2375 1178 2440 lit-

160 2468 304 2528 terarum
337 2465 594 2548 conscriptarum
628 2487 746 2550 genere
780 2467 896 2550 elucet,
929 2466 1058 2530 saeculo
1089 2461 1177 2529 XIV.

161 2556 194 2617 et
212 2552 359 2617 continet
376 2552 465 2618 foliis
489 2553 581 2618 1-9
599 2554 662 2619 hoc
685 2555 892 2637 opusculum,
915 2555 968 2620 cui
985 2555 1101 2618 titulus
1127 2552 1177 2617 ‘de

160 2643 272 2705 sancta
299 2640 437 2706 Helene'
465 2641 639 2726 inscriptus
668 2646 730 2724 est3
758 2642 848 2707 foliis
876 2643 896 2706 9
925 2646 958 2707 et
988 2643 1029 2706 10
1057 2640 1177 2725 legitur

162 2726 334 2794 ‘Coronioe
360 2730 543 2815 principum
570 2729 795 2796 Misnensium'
823 2729 911 2794 edite
935 2732 970 2795 in
992 2728 1176 2794 Menckenii

163 2818 310 2900 scriptor.
333 2839 392 2882 rer.
417 2839 516 2902 germ.
539 2817 588 2883 III
611 2841 642 2903 p.
666 2819 740 2884 346.

247 2905 383 2971 Minoris
411 2909 509 2991 pretii
533 2910 583 2972 est
606 2906 689 2972 alter
714 2906 813 2970 codex
842 2907 1061 2972 bibliothecae
1085 2925 1177 2992 gym-

158 2995 243 3060 nasii
271 2995 437 3060 Albertini
464 2996 688 3082 Fribergensis
717 2992 868 3059 Saxonici
898 2995 1011 3060 littere
1032 2993 1059 3059 F
1082 3017 1103 3060 o
1124 3015 1176 3058 me

138 3087 292 3149 notetus
312 3085 433 3150 saeculi
451 3083 522 3150 XV.
541 3105 614 3150 cum
634 3084 708 3148 eliis
727 3083 892 3149 codicibus
915 3105 981 3150 uno
1000 3084 1176 3166 eodemque

160 3173 324 3238 volumine
344 3173 596 3257 comprehensus
618 3171 801 3257 significato
827 3169 885 3238 ‘Cl
904 3171 977 3237 VII.
995 3172 1070 3236 Frb.
1092 3169 1177 3234 141².

155 3259 194 3326 In
230 3261 294 3327 fine
320 3261 416 3326 huius
446 3260 568 3327 codicis
595 3261 693 3326 rubro
722 3261 829 3326 colore
861 3265 993 3328 exorate
1022 3261 1177 3344 leguntur

156 3349 251 3415 haec:
271 3349 429 3435 ‘Explicit
447 3349 586 3414 historia
605 3348 812 3416 Constantini
832 3349 1038 3436 imperatoris
1057 3347 1176 3412 Roma-

157 3459 274 3504 norum
300 3445 333 3504 et
356 3437 552 3504 Greoorum'.
