2654 3900
553 229 768 293 „17-

154 390 318 454 staulinus
345 391 415 474 ipse
444 388 614 472 coniugem
642 409 733 452 suam
757 388 798 452 ad
821 388 1015 472 hospitium,
1043 389 1166 473 inquo

152 482 289 544 matrem
309 501 401 544 suam
420 477 578 542 Helenam
603 481 680 542 ante
704 481 844 561 quatuor
868 498 970 542 annos
990 478 1168 562 dimiserat,

153 589 262 634 secum
285 567 443 653 perduxit
1019 607 1025 613 -

243 658 289 723 Et
315 658 475 722 intrantes
503 656 634 721 domurn
661 656 783 738 pariter
806 655 932 722 Helena
954 660 1058 720 mater
1082 653 1218 724 Oen-27

127 747 292 813 sstantini
320 769 393 812 cum
421 745 555 811 vidisset
581 744 684 808 filiurn
713 745 752 808 de
773 745 925 829 pretiosis
948 746 1095 810 restibus
1115 745 1166 809 in-

152 838 266 901 dutum
297 840 330 900 et
359 857 467 900 secum
497 837 565 898 tam
594 833 739 898 nobilem
769 837 900 918 tamque
930 834 1098 918 pulchram
1130 857 1167 900 ac

152 925 235 989 bene
268 929 416 990 ornatam
448 924 616 989 mulierem
648 925 828 1008 gerentem,
857 945 930 988 eum
959 947 979 988 a
1006 925 1166 1009 principio

153 1036 221 1079 non
254 1014 408 1101 cognovit
439 1034 536 1098 seque
568 1013 604 1075 in
636 1033 775 1096 persona
806 1013 865 1076 filii
897 1012 967 1078 fore
1000 1013 1166 1097 deceptam

153 1103 346 1168 aestimarit.
384 1101 447 1168 Sed
470 1123 544 1166 cum
563 1099 798 1166 Constantinus
818 1101 847 1165 ei
865 1095 970 1166 totam
988 1103 1035 1167 rei
1054 1105 1166 1186 gestae

19 1191 23 1198 ’
113 1214 139 1253 10
154 1193 270 1258 seriem
289 1196 401 1277 utpote
420 1191 558 1277 qualiter
577 1213 596 1254 a
614 1191 849 1256 mercatoribus
866 1189 1023 1256 Romanis
1039 1215 1062 1269 ⁶a
1080 1191 1167 1275 prin-

153 1282 237 1365 cipio
267 1286 379 1367 captus
408 1285 441 1344 et
468 1280 503 1346 in
532 1279 679 1345 domibus
707 1280 853 1364 ipsorum
881 1280 1033 1345 educatus
1062 1281 1167 1366 fuerit,

153 1371 291 1454 qualiter
315 1391 442 1455 quoque
466 1369 525 1434 sub
547 1368 680 1434 nomine
702 1369 762 1432 filii
784 1369 989 1453 imperatoris
1012 1369 1054 1434 ud
1068 1368 1167 1435 Grae·

153 1460 236 1524 ciam
254 1458 428 1544 perductus
448 1458 510 1523 sibi
527 1479 681 1542 praesens
700 1458 824 1543 mulier,
843 1458 1049 1542 imperatoris
1068 1457 1166 1524 Grae·

154 1570 264 1613 corum
287 1548 371 1634 filia,
399 1549 432 1614 in
459 1569 592 1612 uxorem
622 1547 746 1612 sociata
773 1547 933 1612 exstiterit
961 1569 998 1612 ac
1026 1547 1166 1632 qualiter

113 1656 138 1697 15
153 1638 241 1721 ipsos
266 1637 344 1704 dicti
367 1641 564 1702 mercatores
587 1636 624 1700 in
641 1635 757 1718 insula,
775 1639 813 1700 ut
830 1635 916 1702 fame
939 1637 1165 1722 interficerent,

151 1727 344 1791 dimiserant
363 1730 396 1790 et
415 1748 491 1790 casu
515 1725 571 1789 alii
594 1730 791 1790 mercatores
814 1725 936 1790 ibidem
958 1730 1164 1792 transeuntes

153 1837 207 1879 eos
237 1815 278 1878 ad
306 1814 444 1878 Romam
472 1814 700 1898 perduxerant,
728 1836 860 1879 narrare
888 1814 1072 1900 incepisset,
1101 1836 1165 1899 quo

153 1903 264 1969 audito
288 1901 415 1968 Helena
443 1925 542 1987 supra
570 1903 701 1968 modum
724 1903 909 1987 stupefacta
931 1904 1034 1968 filium
1058 1904 1167 1988 coepit

153 1993 341 2078 diligentius
364 1992 483 2058 intueri
517 1996 549 2056 et
581 1997 650 2056 tam
678 1992 724 2058 er¹
744 1993 877 2076 loquela
904 2015 1000 2078 quarn
1030 2015 1068 2057 ex
1097 2015 1165 2078 spe·

116 2083 289 2147 socialibus
305 2083 415 2166 gestis,
431 2103 511 2166 quos
526 2081 633 2165 ipsum
647 2081 683 2144 in
700 2081 868 2147 iuventute
881 2086 1018 2147 noverat
1037 2082 1166 2167 habere,

153 2193 250 2256 quam
270 2171 369 2236 etiam
390 2171 461 2235 aliis
480 2169 608 2234 indiciis
629 2171 733 2255 magis
753 2193 790 2236 ac
804 2171 910 2256 magis
924 2171 1030 2256 ipsum
1046 2192 1162 2257 cogno·

153 2281 239 2324 scere
253 2260 375 2343 incepit
383 2282 442 2325 nec
453 2263 563 2324 tamen
573 2261 706 2342 propter
718 2259 796 2324 facti
807 2261 1022 2345 quantitatem
1034 2267 1166 2345 stupeu-

152 2349 226 2413 dum
242 2349 351 2434 potuit
364 2349 497 2414 reddere
512 2349 591 2413 satis
607 2352 738 2431 certam,
748 2352 858 2414 tamen
868 2345 1041 2433 ‘compulsa
1054 2371 1164 2416 amore

154 2459 188 2502 se
202 2439 306 2521 ipsam
326 2438 447 2504 diutius
467 2437 631 2503 continere
650 2458 715 2503 non
731 2438 841 2504 valens
860 2439 1000 2522 procidit
1018 2439 1052 2503 in
1070 2439 1163 2504 lacri-

114 2545 140 2585 ra
155 2549 225 2591 mas
249 2530 282 2590 et
304 2549 381 2610 prae
404 2526 522 2612 gaudio
546 2526 747 2592 amarissime
769 2527 846 2592 flere
870 2529 983 2612 coepit.

242 2614 287 2680 Et
324 2637 458 2700 surgens
495 2638 568 2680 curn
608 2615 801 2681 festinantia
837 2616 943 2701 ipsum
982 2617 1165 2701 amplexata
1175 2621 1217 2685 28

153 2727 289 2790 eumque
321 2708 478 2790 tanquam
515 2704 618 2769 filium
656 2725 750 2770 suum
786 2706 989 2790 unigenitum
1025 2707 1165 2782 materni

154 2794 257 2858 osculi
280 2793 447 2859 dulcedine
470 2794 592 2878 recepit
615 2793 733 2859 dicens:
767 2793 845 2859 ‘Fili
873 2795 920 2859 mi
947 2794 1165 2872 dilectissime,

154 2882 236 2946 berre
266 2883 406 2966 veneris3
439 2883 517 2947 daus
554 2883 760 2966 omnipotens
793 2883 836 2948 sit
872 2883 1073 2969 benedictus,
1109 2885 1164 2968 qui

113 2990 139 3030 ao
153 2974 185 3035 te
209 2971 290 3035 mihi
312 2972 469 3050 restituit,
491 2971 623 3036 unicum
645 2973 754 3036 lumen
779 2994 900 3056 meum3
928 2972 1098 3038 benedicta
1122 2973 1166 3037 sit

153 3059 221 3124 dies
245 3059 319 3143 ista,
336 3061 371 3123 in
394 3083 457 3144 qua
480 3064 513 3124 te
531 3061 646 3148 recepi,
666 3061 703 3126 de
723 3062 813 3126 cuius
831 3061 1075 3144 recuperatione
1098 3062 1163 3127 iam

151 3149 272 3215 dudum
296 3170 385 3230 eram
408 3149 589 3235 desperata3
615 3150 710 3215 hodie
730 3150 807 3216 deus
827 3150 1036 3215 afflictionem
1058 3172 1164 3215 meam

224 3307 403 3377 agerentur
425 3309 526 3377 scripsi
546 3325 600 3377 pro
624 3309 725 3364 codicis
747 3307 778 3362 F
802 3310 943 3378 sarpam
970 3309 1077 3364 reiecta
1101 3310 1163 3376 (rei-

150 3382 316 3447 aroucam
340 3379 372 3434 ia
390 3378 421 3432 D
437 3379 503 3433 bueo
524 3395 578 3434 oca
596 3380 683 3435 deleta
700 3385 746 3437 esi.
818 3386 849 3434 11
868 3379 992 3449 ipsorum
1010 3379 1048 3447 D,
1067 3395 1164 3434 eorum

150 3448 186 3502 F.
294 3453 326 3504 15
346 3447 439 3504 insula
456 3450 494 3519 D,
516 3450 637 3506 insulam
660 3450 697 3507 F.
717 3482 750 3492 —
769 3453 938 3508 indicativus
956 3451 1093 3522 piamque
1110 3465 1164 3506 csse

149 3521 259 3575 oidetrrr
276 3526 309 3575 at
326 3522 358 3576 ia
376 3522 465 3590 capite
482 3526 526 3576 48.

202 3619 287 3661 hostii
301 3621 402 3664 auctoris
416 3621 444 3664 de
459 3619 610 3664 constantino
624 3623 716 3672 Magno.
984 3618 1000 3666 2
