2654 3900
533 219 659 297 -ῃ
710 269 748 279 ,.

132 395 267 460 lissimis
299 396 436 481 gemmis
470 393 751 479 sumptuosissime
783 394 977 478 composita,
1010 415 1146 479 quorum

131 485 276 549 valorem
298 485 352 548 vix
374 506 440 548 una
463 503 583 568 magna
608 483 716 567 patria
738 503 954 565 compensare·
976 483 1147 566 potuisset,

132 574 172 638 ad
191 572 284 637 illum
302 574 408 657 finem,
426 576 473 656 ut,
491 573 520 637 si
538 571 725 656 inopinatus
745 571 931 658 horrendae
943 571 1146 636 infelicitatis

131 665 280 745 eventus,
308 661 394 745 quod
421 661 522 743 absit,
551 661 709 744 eveniret,
737 662 795 724 aut
817 681 851 724 se
875 661 1037 745 ingereret
1060 660 1146 724 votis

104 752 201 820 seius
224 751 277 815 vel
301 751 330 814 si
357 749 497 814 fortasse
520 752 715 814 mercatores
743 748 809 832 ipsi
832 748 976 832 aliquam
998 748 1147 813 fraudem
1204 805 1205 808 ,

130 840 181 903 vel
209 839 433 922 deceptionem
461 839 690 922 inpermissam
721 836 952 901 confinxissent
982 840 1039 901 aut
1070 859 1148 921 quo·

130 948 256 1010 cunque
275 927 370 992 modo
391 949 484 992 casus
503 925 707 991 necessitatis
724 925 775 989 vel
793 925 930 1009 periculi
950 926 1147 1008 accederent,

130 1016 204 1098 ipsa
223 1015 262 1079 de
281 1016 442 1080 dictorum
461 1015 668 1080 enceniorum
685 1013 792 1099 pretio
817 1014 881 1078 sibi
903 1019 1016 1098 posset
1041 1013 1147 1098 quoad

130 1105 217 1170 vitae
232 1105 504 1169 sustentationem
513 1104 681 1168 consulere
696 1125 733 1168 ac
748 1103 848 1167 etiam
861 1103 996 1186 provide
1009 1125 1146 1187 pauper·

91 1221 117 1260 10
131 1193 210 1256 tatis
234 1193 346 1276 iugum
367 1215 387 1257 a
406 1215 440 1257 se
464 1193 622 1257 discutere
641 1195 673 1256 et
696 1191 824 1276 fugare,
847 1191 1017 1274 impellens
1041 1191 1146 1275 ipsam

132 1280 252 1345 seriose
280 1284 313 1345 et
340 1281 486 1346 districte
514 1284 551 1346 ut
576 1281 665 1344 dicta
692 1281 824 1344 encenia
850 1279 935 1363 apud
963 1302 997 1344 se
1019 1280 1067 1345 ita
1090 1281 1145 1344 ab·

132 1368 303 1433 sconderet
326 1391 364 1433 ac
387 1369 486 1433 etiam
510 1369 701 1452 occultaret,
724 1368 895 1451 quodnisi
918 1389 1011 1433 casus
1034 1373 1145 1434 tantae

130 1457 337 1521 necessitatis
365 1457 544 1542 accederet,
572 1460 610 1522 ut
631 1457 792 1540 praedixi,
816 1457 900 1520 nulli
922 1479 1065 1541 unquam
1087 1457 1145 1522 ho·

130 1545 212 1610 mini
234 1546 357 1610 viventi
387 1547 425 1610 de
448 1547 499 1611 his
523 1569 623 1610 unum
647 1545 781 1610 verbum
809 1546 1035 1631 quoquomodo
1058 1568 1145 1611 reve·

89 1660 114 1700 15
129 1636 220 1699 laret
266 1634 359 1710 Quod
387 1657 420 1699 se
447 1635 520 1718 ipsa
541 1635 608 1699 filia
635 1634 796 1699 facturam
820 1635 951 1699 omnino
976 1636 1074 1699 matri
1096 1657 1145 1698 re-

129 1723 289 1806 promisit.
692 1767 695 1776 ι
947 1751 951 1760 ·

219 1811 345 1888 Quibus
363 1811 512 1875 omnibus
532 1812 579 1876 sic
592 1811 731 1894 peractis
751 1816 784 1876 ct
802 1813 853 1876 die
873 1813 913 1876 ad
932 1811 1144 1876 recedendum
1157 1808 1197 1872 16

129 1900 274 1983 praefixa
297 1899 485 1964 adveniente
509 1902 705 1964 mercatores
731 1901 888 1985 praedicti
914 1901 1145 1984 imperatorem

131 1989 278 2052 adierunt
305 1987 447 2052 dicentes
475 1989 646 2072 ipsumque
672 1993 826 2073 rogantes
854 1992 891 2054 ut
918 2011 973 2054 eos
997 1989 1145 2054 recedere

90 2103 116 2142 ao
129 2078 334 2160 permitteret
366 2080 399 2140 et
430 2076 636 2158 imperatoris
668 2075 809 2142 Romani
840 2078 943 2142 filium
974 2099 1041 2142 una
1073 2099 1146 2142 cum

131 2166 198 2229 eius
221 2165 366 2229 filiasue
386 2164 523 2248 coniuge
545 2166 728 2230 remitteret
751 2166 836 2230 sicut
858 2167 899 2230 ab
922 2166 1016 2232 initio
1040 2166 1145 2230 fuerat

130 2253 314 2317 ordinatum
329 2256 521 2336 asserentes,
540 2254 625 2336 quod
644 2257 773 2337 tempus
792 2255 960 2319 recedendi
975 2277 994 2318 a
1012 2255 1144 2320 domino

130 2362 189 2406 suo
214 2341 276 2406 sibi
298 2341 477 2425 praefixum
501 2341 651 2425 instaret,
676 2343 763 2425 quod
783 2342 918 2408 ulterius
938 2343 1066 2407 tardare
1086 2343 1144 2408 ali-

131 2430 271 2512 qualiter
302 2451 369 2494 non
397 2430 560 2495 auderent.
606 2429 787 2514 Imperator
816 2452 892 2496 vero
920 2431 982 2496 hoc
1010 2433 1144 2498 audiens

87 2543 115 2582 aa
129 2517 230 2580 filiam
264 2540 356 2582 suam
383 2540 448 2582 una
475 2541 546 2583 cum
580 2540 638 2584 suo
672 2540 792 2602 sponso
822 2520 902 2603 ipsis
935 2519 1072 2585 tradidit
1104 2521 1144 2585 ad

128 2604 268 2670 Romam
286 2607 400 2670 urbem
417 2607 661 2691 perducendam.
699 2605 782 2672 Oum
802 2611 911 2672 autem
936 2609 1143 2692 imperatoris

128 2694 197 2760 filia
221 2695 261 2760 ad
283 2700 428 2779 portum,
452 2696 509 2760 ubi
531 2717 645 2779 nares,
669 2696 786 2780 quibus
811 2697 851 2760 ad
869 2696 1008 2761 Romam
1030 2698 1143 2762 urbem

128 2784 294 2848 transvehi
326 2785 479 2868 debebat,
512 2785 746 2870 consistebant,
776 2785 960 2868 duceretur,
989 2790 1083 2868 pater
1111 2791 1144 2852 et

129 2875 233 2935 mater
255 2873 360 2954 ipsam
383 2874 582 2938 associantes
606 2878 782 2956 coeperunt
804 2896 901 2958 super
923 2874 1030 2958 ipsam
1052 2875 1143 2959 plan·

87 2980 114 3020 ao
128 2979 204 3042 gere
226 2959 362 3042 planctu
384 2982 504 3047 magno
527 2961 685 3027 dicentes:

217 3046 257 3112 ‘0
276 3049 372 3113 unica
389 3050 458 3114 filia
475 3053 588 3114 nostra
606 3049 827 3135 dilectissima,
845 3052 956 3116 lumen
975 3053 1142 3118 oculorum
1154 3048 1195 3113 17

126 3141 330 3219 nostrorum,
353 3139 528 3203 senectutis
550 3142 681 3204 nostrae
704 3139 853 3224 baculus,
879 3141 1009 3224 imperii
1035 3142 1141 3208 nostri

199 3298 216 3346 4
240 3309 269 3346 se
288 3309 343 3360 pro
367 3292 404 3359 si,
428 3296 500 3362 quod
522 3297 553 3350 in
571 3297 647 3351 codd.
666 3301 716 3364 cst,
741 3297 850 3351 conieci.
924 3303 940 3350 9
963 3296 1081 3366 provide
1104 3299 1143 3365 D,

128 3365 200 3431 quod
224 3363 398 3432 providendo
421 3367 577 3436 etyaificare
599 3368 722 3434 videtum
744 3366 889 3436 proprium
912 3368 948 3424 F.
1041 3375 1074 3424 10
1092 3368 1143 3421 im-

127 3432 237 3502 pellens
263 3437 376 3501 conieci,
403 3435 555 3504 prohibens
580 3438 655 3492 codd.
735 3444 769 3492 14
793 3437 848 3492 hiis
875 3440 950 3493 codd.
1030 3446 1062 3494 19
1089 3456 1142 3513 que

127 3518 178 3558 om.
198 3505 234 3558 F.
307 3511 340 3560 22
359 3506 471 3575 tempus
489 3508 531 3576 D,
550 3507 676 3577 tempore
696 3507 731 3562 F.
805 3514 845 3563 28·
857 3509 983 3564 transvci
1003 3509 1038 3563 F.
