2654 3900
582 227 798 292 „18-

183 387 325 472 respexit
348 389 381 452 et
402 390 435 451 te
458 408 566 451 meum
592 387 693 451 totius
723 386 841 451 saeculi
865 386 1022 450 solacium
1044 385 1197 450 11111111-

184 475 300 542 stituit
337 473 438 540 (ledat
461 476 500 540 de
523 475 638 540 ceteris
663 498 683 540 a
705 475 801 541 corde
824 496 896 540 meo
921 475 1027 538 omnis
1051 474 1198 557 tristitia,

188 566 264 648 quia
293 564 429 649 dragma
460 564 587 647 perdita
616 567 666 628 est
694 564 827 629 inventa
853 585 913 628 neo
940 566 1051 648 potest
1076 563 1197 628 habere

184 653 291 719 locum
318 653 467 736 tristitia,
495 654 551 717 ubi
578 675 731 737 praesens
759 656 810 718 est
837 653 942 718 omnis
965 652 1107 736 laetitia;
1140 674 1197 736 per

184 745 226 826 te,
243 742 290 806 fili
308 741 361 825 mi,
381 745 413 806 et
436 764 494 825 per
511 746 604 807 tuum
624 742 797 807 adventum
817 742 895 807 deus
918 742 1000 806 mihi
1019 741 1058 805 de
1077 741 1195 806 solacio
1225 753 1238 791 ⁵

185 835 218 894 et
241 831 360 916 gaudio
384 831 458 915 plus
482 831 778 916 incomparabiliter
797 831 893 896 restit
918 831 942 895 't
965 852 1063 914 quam
1086 829 1198 894 infelix
1263 844 1265 850 ’

184 922 259 983 tuae
291 920 480 1003 perditionis
514 941 608 986 casus
641 921 679 984 de
712 921 822 986 dolore
854 919 964 985 intulit
997 920 1085 985 cordi
1116 923 1197 1002 meo,

188 1009 272 1073 unde
291 1009 355 1074 sibi
372 1009 534 1094 regratior
552 1014 584 1074 et
602 1032 680 1079 suae
698 1010 876 1074 immensae
894 1007 1031 1093 pietati'.
1059 1007 1104 1072 Et
1123 1029 1196 1095 con·

185 1118 279 1162 versa
307 1098 348 1162 ad
375 1119 509 1164 uxorem
532 1096 740 1165 Constantini
767 1099 873 1184 ipsam
902 1098 1052 1162 similiter
1078 1096 1196 1161 osculis

185 1190 218 1252 ct
251 1186 452 1270 amplexibus
489 1188 611 1272 recepit
646 1187 782 1252 dulciter
818 1187 902 1253 sicut
936 1208 1053 1251 nurum
1091 1195 1237 1270 suam310

186 1278 408 1340 verumtamen
432 1276 516 1341 sicut
538 1277 577 1341 de
604 1276 666 1340 filii
687 1275 930 1360 recuperatione
953 1273 1128 1362 gaudebat,
1151 1274 1197 1338 ita

184 1369 217 1428 et
244 1364 348 1428 multo
377 1365 482 1450 magis
513 1365 552 1430 de
581 1368 693 1430 tantae
721 1365 867 1450 coniugis
901 1387 978 1429 suae
1006 1363 1197 1428 adductione

183 1452 307 1519 scilicet
333 1456 466 1536 propter
494 1475 587 1519 suam
618 1454 764 1538 inopiam
787 1459 821 1518 et
843 1457 978 1538 propter
1001 1453 1048 1517 rei
1071 1451 1197 1537 magni-

87 1596 91 1603 .
182 1542 327 1608 tudinem
342 1563 409 1608 non
428 1543 589 1608 immerito
604 1543 804 1608 tristabatur.
837 1541 945 1608 Nurus
961 1546 1068 1607 autem
1084 1540 1196 1605 videns

183 1653 311 1698 socrum
340 1653 432 1696 suam
460 1632 499 1696 de
528 1633 667 1698 adventu
700 1653 758 1697 suo
787 1631 1015 1696 contristatam
1043 1630 1089 1696 sic
1117 1629 1194 1695 allo·
1210 1643 1236 1684 ¹⁵

184 1722 344 1805 quebatur
365 1721 471 1804 ipsam
494 1721 618 1786 dicens:

131 1809 173 1873 29
275 1807 433 1874 ‘Domina
461 1831 533 1874 mea
560 1810 741 1890 carissima,
771 1810 811 1874 dc
839 1809 979 1875 adventu
1002 1830 1073 1873 meo
1096 1808 1196 1873 nolite

184 1898 385 1980 contristari,
413 1899 516 1963 nolite
544 1898 683 1964 sollicita
710 1921 793 1964 esse:
821 1898 906 1976 Quid
929 1897 1196 1963 manducabimus

184 1992 218 2051 11
248 1987 324 2070 quid
353 1986 525 2052 bibemus?
571 1985 640 2052 Scit
667 1987 754 2052 enim
781 1993 874 2071 pater
900 1990 1012 2051 noster
1039 1987 1197 2068 caelestis,

184 2075 240 2160 qui
270 2097 330 2141 nos
358 2076 396 2140 de
424 2075 573 2141 manibus
601 2076 787 2162 iniquorum
815 2079 1031 2141 mercatorum
1060 2079 1093 2142 et
1114 2075 1196 2159 peri-
1210 2092 1237 2131 20

185 2164 266 2229 culis
286 2163 387 2229 maris
410 2163 570 2248 liberavit,
589 2165 780 2249 quidnobis
799 2186 928 2230 necesse
943 2165 995 2230 sit.
1021 2165 1096 2249 Ipse
1111 2165 1196 2229 enim

184 2253 239 2337 qui
270 2253 309 2317 de
337 2252 437 2318 tantis
465 2253 616 2337 periculis
644 2276 705 2320 nos
732 2254 888 2318 redimere
921 2253 1047 2320 curavit
1077 2274 1197 2338 nequa-

185 2362 283 2425 quam
306 2341 391 2406 fame
415 2341 595 2408 interficere
619 2344 785 2429 cogitavit,
808 2343 910 2428 ipsius
933 2343 1053 2406 etenim
1076 2342 1196 2407 incom-

184 2429 415 2514 prehensibilia
448 2435 525 2496 sunt
556 2432 682 2498 iudicia
737 2430 789 2498 Sic
817 2453 894 2518 ergo
923 2431 1016 2515 illud,
1045 2431 1131 2515 quod
1158 2430 1197 2494 de

184 2519 279 2584 nobis
299 2519 367 2584 eius
393 2520 702 2603 impraescrutabilis
722 2521 848 2587 consilii
868 2520 1005 2586 altitudo
1029 2519 1196 2604 disposuit,
1211 2537 1237 2576 2⁵

185 2607 368 2673 inevitabili
386 2609 581 2676 necessitate
606 2610 775 2694 adimpleri
798 2610 882 2674 licet.
914 2608 1101 2675 Habeamus
1122 2629 1198 2692 ergo

184 2693 379 2780 patientiam
392 2700 426 2762 11
440 2719 513 2762 cum
532 2698 583 2763 dei
603 2699 763 2765 adiutorio
782 2699 913 2764 tandem
932 2700 1078 2763 nostram
1093 2717 1200 2761 emen-

187 2785 299 2851 demus
309 2790 545 2871 paupertatem.
563 2787 636 2872 Ego
646 2788 732 2853 enim
743 2787 879 2853 consilio
890 2809 1045 2852 manuum
1055 2807 1200 2851 mearum

186 2877 220 2939 et
232 2875 398 2941 laboribus
412 2875 492 2940 meis
507 2898 564 2942 vos
579 2877 697 2944 iuvabo
719 2880 751 2942 et
772 2878 853 2942 bene
867 2881 904 2941 ut
924 2898 1019 2960 spero
1034 2877 1093 2942 deo
1109 2875 1197 2942 adiu·

188 2968 284 3030 vante
302 2964 499 3030 lucrabimus
518 2987 636 3049 panem
655 2970 813 3032 nostrum.
840 2965 886 3030 Et
903 2965 1114 3031 nihilominus
1132 2982 1241 3029 1111111

187 3054 319 3120 omnino
339 3075 440 3120 vacua
459 3055 541 3134 veni,
561 3055 616 3119 sed
640 3055 761 3141 aliquid
784 3055 823 3119 de
846 3076 928 3139 meo,
950 3076 1013 3139 quo
1038 3055 1199 3120 mediante

257 3236 273 3284 1
293 3230 407 3285 acorde
422 3229 460 3298 D,
479 3229 514 3283 de
529 3230 612 3285 corde
626 3229 662 3286 F.
735 3237 751 3284 3
771 3230 889 3299 dragma
903 3231 979 3286 codd.
995 3231 1045 3296 cfr.
1060 3229 1113 3284 Ec.
1129 3227 1198 3282 Lac.

185 3305 231 3367 15,
249 3306 321 3370 811.
400 3305 432 3354 11
451 3317 561 3356 socrum
580 3303 655 3358 codd.
739 3307 771 3356 11
791 3301 940 3356 karissima
962 3302 1039 3356 codd.
1116 3301 1200 3354 1111

186 3372 292 3428 addidi.
374 3376 408 3426 21
428 3371 513 3428 maria
531 3371 720 3441 1111111111),
739 3390 790 3428 noe
807 3372 945 3427 redimere
963 3372 1072 3426 curavit
1090 3370 1127 3424 F.

187 3449 291 3498 11111
310 3442 701 3514 metcdctantiepcsm'tF3
720 3443 1039 3500 secaduseumcede'cem
1057 3443 1095 3497 D.
1164 3447 1198 3496 30

185 3512 384 3571 nichilominus
403 3515 478 3570 code.
