2654 3900
575 211 793 275 „22-

176 393 247 436 rem
276 370 325 433 ita
355 390 425 433 esse
454 389 527 433 eum
554 369 736 433 iuramento
766 369 941 434 affirmavit
970 365 1003 434 et
1030 390 1102 434 cum
1133 369 1193 434 im·

176 461 307 542 perator
339 456 428 522 aliud
461 456 501 520 ab
533 477 571 521 eo
599 457 680 520 scire
707 479 773 522 non
803 461 928 540 posset,
960 457 1121 540 quaesivit
1152 457 1192 522 de

176 545 307 611 nomine
339 566 397 610 suo
431 548 464 608 et
497 545 525 609 si
557 565 639 628 quos
676 544 759 609 alios
796 545 917 609 amicos
948 543 1085 610 haberet
1116 549 1193 629 post

178 637 326 699 matrem.
358 633 422 710 Qui
437 632 520 697 dixit
534 633 610 698 sibi:
634 629 882 698 ‘Constantinus
896 655 995 698 vocor
1008 655 1048 697 ex
1060 635 1192 698 nomine

176 744 236 787 neo
253 721 359 786 habeo
380 721 462 785 alios
482 720 604 786 amicos
623 721 688 785 nisi
706 727 845 786 matrem
859 724 892 786 et
905 743 1039 788 uxorem
1056 739 1220 807 pauper-s

178 811 284 876 culam
303 808 493 874 mulierem'.
525 809 670 892 Imperat
671 833 708 875 or
656 809 789 875 thoe
808 810 898 874 audit
900 810 1100 875 emandavit
1119 811 1193 894 sibi,

176 902 215 963 ut
236 903 376 964 matrem
400 921 491 963 suam
515 901 548 962 et
570 920 704 964 uxorem
728 897 816 962 ad
788 921 857 963 crus
880 899 1098 1001 praesentiam
1120 920 1191 983 per-

177 988 323 1071 duceret,
347 1008 419 1052 cum
442 985 512 1070 ipse
535 987 687 1052 omnibus
711 987 816 1053 modis
839 987 936 1052 huius
954 988 1003 1052 rei
1020 987 1191 1052 veritatem

177 1075 258 1141 seire
284 1075 392 1140 vellet

124 1161 166 1226 35
265 1162 426 1229 Constant
411 1165 499 1229 tinus
527 1184 603 1229 vero
626 1166 757 1247 recepto
787 1163 949 1247 imperiali
972 1163 1126 1228 mandato
1149 1163 1192 1228 ad
1207 1182 1233 1222 ro

176 1254 308 1318 domum
337 1274 429 1318 suam
457 1273 604 1318 reversus
632 1255 772 1317 matrem
798 1274 890 1317 susm
923 1255 955 1316 et
981 1273 1116 1317 uxorem
1143 1251 1190 1317 in-

176 1341 271 1406 dutas
298 1341 337 1406 de
365 1341 554 1406 melioribus
583 1341 649 1406 suis
677 1340 822 1406 vestibus
852 1344 885 1406 et
913 1344 1044 1406 ornatas
1068 1339 1141 1406 ad
1131 1362 1191 1404 rm·

175 1429 337 1512 peratoris
360 1431 580 1512 praesentiam
607 1428 788 1512 perduxit
809 1429 989 1512 Imperator
1017 1434 1127 1494 autem
1150 1427 1192 1492 ad

175 1517 334 1583 Helenam
366 1518 401 1582 in
428 1517 497 1582 eius
530 1518 715 1601 praesentia
745 1518 957 1583 constitutam
989 1517 1084 1582 dixit:
1117 1515 1191 1582 ‘asc
1312 1533 1313 1600 t

174 1607 308 1690 inquam
327 1606 382 1670 ille
402 1605 528 1671 iuvenis
546 1605 633 1670 filius
653 1605 767 1670 tuus?'
804 1605 894 1682 Quae
912 1605 1109 1688 respondens
1129 1606 1232 1670 aitz1⁵
1312 1619 1313 1694 l

176 1693 263 1775 ‘Est
286 1693 437 1759 domine'.
473 1693 565 1758 Dixit
587 1695 781 1777 imperator:
807 1693 899 1771 ‘Quis
923 1696 973 1757 est
991 1694 1079 1758 enim
1096 1697 1192 1776 pater

176 1781 285 1848 cius?'
323 1782 414 1859 Quae
437 1782 604 1866 respondit
627 1781 748 1847 dicens:
786 1781 871 1866 ‘Ego
894 1783 1001 1866 ipsum
1023 1781 1059 1846 in
1081 1782 1191 1847 iuven-

82 1905 84 1912 ·
174 1874 245 1936 tute
268 1870 400 1936 moade
420 1871 558 1955 quodam
577 1870 661 1954 viro,
685 1893 781 1954 quem
799 1871 835 1934 in
857 1871 1007 1955 partibus
1025 1871 1190 1937 natalibus

176 1959 272 2024 amici
307 1959 372 2023 mei
404 1958 486 2023 mihi
517 1959 552 2022 in
584 1959 740 2023 maritum
773 1958 1017 2043 copulaverant,
1055 1959 1190 2043 suscepi,

176 2048 230 2132 qui
264 2069 284 2111 a
316 2068 369 2110 me
400 2068 467 2110 non
494 2046 592 2130 longe
619 2050 695 2129 post
721 2066 812 2110 more
837 2047 1029 2132 negotiandi
1058 2047 1233 2111 recessitis

176 2140 209 2200 et
232 2136 273 2201 ad
291 2157 343 2199 me
366 2138 482 2219 postea
499 2156 566 2198 non
585 2138 636 2198 est
649 2155 811 2199 reversus.
848 2133 884 2200 Si
904 2139 1052 2200 mortuus
1071 2135 1116 2199 sit
1134 2139 1191 2199 aut

176 2224 279 2307 vivat,
302 2223 380 2287 deus
404 2221 486 2287 seit'.
522 2221 705 2305 imperator
727 2243 804 2288 vero
822 2244 891 2287 non
913 2223 996 2288 bene
1019 2226 1190 2288 contentus

176 2313 215 2377 de
244 2311 456 2394 responsione
484 2309 629 2375 mulieris
652 2311 759 2393 magis
789 2332 887 2394 quam
909 2315 1006 2375 antea
1029 2311 1191 2376 dubitavit

176 2404 209 2466 et
237 2399 404 2464 mandavit
431 2399 538 2480 ipsam
560 2419 626 2462 una
649 2420 722 2462 eum
749 2397 877 2463 familia
900 2421 958 2464 sua
980 2399 1022 2463 ad
1043 2419 1191 2464 mensam

176 2509 268 2553 suam
285 2488 373 2552 inter
390 2487 543 2551 mulieres
561 2486 688 2551 nobiles
713 2485 755 2550 ad
773 2486 1004 2552 comedendum
1022 2487 1192 2552 collocare.
1206 2503 1232 2544 ²⁵

123 2571 165 2636 36
263 2575 375 2642 Nurus
400 2578 508 2639 autem
530 2573 674 2640 Helenae
696 2574 915 2658 pulcherrima
932 2574 1015 2640 facie
1034 2578 1068 2640 et
1090 2575 1190 2659 aptis·

176 2666 259 2731 sima
291 2668 361 2730 erat
393 2664 428 2726 in
459 2683 593 2746 corpore
626 2666 659 2726 et
686 2663 863 2727 seeundum
893 2663 1079 2728 nobilitatis
1112 2685 1190 2728 suae

176 2753 398 2819 condicionem
421 2751 636 2816 nobilissimis
660 2751 806 2816 moribus
830 2751 966 2816 erudita.
1004 2750 1094 2827 Quae
1117 2773 1191 2816 cum

176 2845 262 2907 esset
284 2841 370 2904 inter
390 2838 471 2903 alias
494 2838 660 2923 mulieres,
683 2861 749 2904 non
767 2839 854 2904 siout
872 2839 953 2905 viles
973 2844 1006 2905 et
1023 2861 1190 2923 pannosae

175 2931 410 2996 consueverunt
432 2926 539 2992 facere
562 2927 728 3010 mulieres,
751 2928 841 2993 cibos
861 2927 954 2993 avide
975 2951 1110 3013 sumere,
1133 2928 1189 2994 sed
1204 2944 1230 2985 ³⁰

175 3018 379 3101 disciplinam
403 3019 435 3080 et
453 3016 664 3080 verecundiae
683 3016 886 3081 honestatem
907 3038 1044 3100 sequens
1065 3017 1190 3083 studuit

174 3109 273 3190 prout
300 3127 393 3170 suam
419 3103 539 3169 nobilit
524 3107 628 3169 tatem
656 3104 764 3170 decuit
791 3105 1054 3170 mansuetissime
1081 3109 1114 3170 et
1136 3105 1189 3170 de·

247 3261 448 3344 tperduceret
466 3261 508 3328 D,
528 3259 682 3342 adduceret
701 3260 736 3316 F.
846 3266 946 3316 Boum
968 3261 1073 3316 deeat'
1060 3277 1093 3314 aa
1111 3259 1189 3317 codd.

178 3339 212 3388 16
231 3331 296 3388 Post
315 3331 388 3385 dixit
405 3333 503 3386 tonost
520 3331 551 3385 F
567 3330 651 3385 enim
736 3337 771 3386 20
789 3347 897 3386 morem
915 3330 1079 3401 negotiandi
1096 3329 1190 3401 gratia

177 3403 582 3530 ἓὲιέἀνῇᾪιίἓοὲῧρῑίοαῆωκηι
595 3419 648 3459 esse
661 3403 788 3459 vocabuli
800 3419 877 3458 more
891 3407 971 3458 rotae
984 3403 1098 3458 cureat.
1154 3407 1188 3456 21
