2654 3900
563 203 784 268 ..25-

165 365 265 427 istam
288 361 481 427 horam't1ta
504 362 679 444 occultavi,
707 361 793 444 quod
821 361 919 427 homo
947 362 1059 426 vivens
1082 383 1181 445 super

166 455 288 516 terram
320 471 486 535 nunquam
519 450 622 515 scivit.
598 412 713 515 tllt
743 451 822 515 licet
855 471 949 515 casus
976 449 1180 514 necessitatis

167 539 296 622 saepius
320 539 449 604 affuerit
469 561 635 622 nunquam
656 541 769 603 tamen
791 561 830 603 ea
851 539 988 604 vendere
1012 537 1102 602 volui
1125 539 1181 603 sed

167 628 202 692 in
229 627 454 694 testimonium
481 626 602 692 doloris
630 627 695 692 mei
725 631 758 692 et
781 627 1000 712 paenitentiae
1023 627 1183 710 usquein

167 716 252 780 diem
276 716 377 780 divini
399 717 509 781 iudicii
533 719 645 781 contra
667 737 725 780 vos
749 737 914 781 reservare
937 713 1083 781 deorovi’.
1196 731 1210 772 ⁵

113 801 159 865 40
257 804 440 888 Imperator
459 809 568 869 autem
586 805 638 868 his
656 804 753 869 rebus
772 805 850 870 visis
869 809 993 870 etcum
1011 803 1183 888 diligentia

167 893 297 958 intuitis
326 893 433 976 coepit
458 915 511 958 aas
535 893 640 976 magis
665 914 703 957 ac
724 893 831 976 magis
854 914 988 958 noscere
1012 895 1046 956 et
1069 892 1183 956 exinde

167 1002 236 1045 rem
260 984 386 1066 gestam
411 981 453 1046 ad
476 981 665 1046 memoriam
687 1002 839 1046 revocare
862 985 895 1045 et
917 982 952 1045 in
974 1002 1012 1046 eo
1036 980 1182 1045 mulieris

168 1069 1183 1242 tttttltmatttltlltt§.ttutdsdttltt
1198 1174 1224 1213 2.

169 1250 220 1310 est
248 1269 320 1312 eam
347 1246 471 1312 dicens:
512 1245 609 1311 ‘Vere
637 1246 805 1330 sanguinis
833 1246 989 1311 nobilitas
1016 1245 1185 1329 praeclari,

169 1333 208 1398 de
236 1356 299 1418 quo
328 1339 362 1398 tc
389 1338 594 1418 procreatam
623 1357 691 1399 non
720 1334 921 1418 dubitamus,
950 1333 1013 1398 tibi
1039 1333 1106 1397 tale
1134 1355 1185 1397 sa·

168 1423 311 1506 pientiae
342 1424 514 1488 consilium
541 1423 657 1488 indidit
684 1427 717 1488 et
744 1423 969 1488 nobilissimae
991 1421 1184 1486 honestatis.

168 1509 237 1575 Nec
270 1511 340 1575 sine
374 1511 507 1576 deorum
539 1511 728 1576 sublimium
760 1510 974 1593 dispositione
1005 1509 1082 1574 talis
1111 1530 1184 1573 oon-

168 1599 298 1663 oubitus
322 1600 466 1664 accidere
488 1601 597 1683 potuit
618 1600 658 1665 de
681 1621 745 1684 quo
768 1600 846 1664 talis
869 1599 978 1682 proles
998 1600 1185 1662 nasceretur
1200 1613 1227 1654 1⁵

156 1691 204 1772 ¹et
227 1692 417 1771 sequeretur
440 1688 641 1771 coniugium,
667 1688 753 1771 quod
780 1688 866 1752 inter
893 1687 997 1750 filium
1020 1707 1129 1750 meum
1152 1688 1185 1750 et

169 1775 377 1859 imperatoris
399 1777 484 1841 tanti
507 1776 610 1840 filiam
633 1780 684 1840 est
703 1779 918 1858 contractum3
943 1778 1076 1858 oportet
1098 1773 1185 1838 enim

169 1866 207 1928 ut
225 1863 311 1947 quod
329 1865 390 1929 diis
406 1865 652 1947 disponentibus
671 1863 795 1948 placuit
807 1864 906 1928 finem
919 1863 1185 1947 praeordinatum

171 1952 348 2017 sortiatur'.

22 2103 25 2108 ,
115 2037 159 2100 41
258 2039 303 2104 Et
322 2061 495 2105 conversus
514 2040 554 2104 ad
574 2037 823 2104 Constantinum
847 2039 931 2104 dixit
949 2039 992 2102 ei:
1016 2037 1090 2114 ‘Qui
1110 2043 1186 2102 sunt
1199 2056 1227 2096 ao
1308 2033 1317 2092 ἴ

170 2127 206 2191 hi
233 2131 443 2212 mercatores,
470 2129 527 2211 qui
553 2130 681 2193 tantum
708 2128 833 2192 facinus
861 2129 897 2192 in
925 2127 1121 2211 vituperium
1153 2128 1186 2190 et

171 2217 349 2282 laesionem
377 2216 556 2300 imperialis
584 2216 767 2280 maiestatis
791 2216 992 2281 committere
1022 2237 1185 2300 praesum·

170 2308 319 2388 pserunt,
340 2308 379 2368 ut
402 2304 466 2369 sibi
489 2304 549 2369 sub
572 2308 640 2369 tam
662 2305 786 2369 nefario
811 2305 919 2370 colore
941 2304 1027 2368 tanti
1050 2304 1187 2386 impera-

169 2392 252 2457 toris
279 2393 382 2457 filiam
409 2396 479 2457 tam
505 2393 650 2458 nobilem
677 2396 809 2476 tamque
841 2392 1044 2476 praeclaram
1076 2391 1188 2456 matri·

170 2480 356 2546 monialiter
392 2482 544 2564 copulare
578 2481 809 2565 procurarent?
865 2481 959 2564 Ipsos
996 2485 1033 2545 ut
1069 2480 1187 2564 dignos
1201 2497 1228 2538 ¹⁶

170 2569 333 2653 supplicio
370 2573 405 2634 et
441 2572 547 2634 morte
582 2570 773 2654 turpissima
815 2569 997 2634 damnando
1033 2589 1092 2652 per
1128 2569 1188 2632 im·

171 2657 328 2740 periclem
347 2661 494 2723 nostram
513 2659 709 2723 sententiam
728 2658 907 2723 iudicamus
924 2662 958 2722 et
975 2658 1062 2722 bona
1076 2678 1188 2721 eorum

172 2746 336 2829 quaelibet
350 2746 486 2811 mobilia
500 2751 533 2811 et
547 2747 730 2812 immobilia
744 2745 980 2812 confiscamus’.
1010 2745 1055 2810 nt
1074 2745 1188 2810 statim

171 2834 305 2900 mittens
334 2834 438 2900 dictos
466 2837 661 2900 mercatores
690 2835 763 2920 cepi
789 2835 957 2900 mandavit
985 2838 1018 2898 et
1045 2833 1123 2898 fecit
1151 2855 1190 2898 ac

170 2922 257 2987 bons
284 2923 430 3007 ipsorum
457 2923 706 2989 confiscavitt
673 2927 706 2988 et
731 2924 907 2989 confiscata
936 2923 1046 2988 omnia
1069 2925 1102 2987 et
1125 2922 1187 2986 sin·
1201 2940 1228 2981 oo

171 3011 250 3095 gula
277 3011 421 3077 Helenae
450 3032 488 3077 ac
515 3010 685 3077 Constant
660 3016 729 3077 tmo
757 3012 826 3076 filio
853 3033 912 3076 suo
940 3015 975 3076 et
1002 3012 1071 3076 eius
1094 3009 1188 3075 uxori

171 3099 379 3164 tradiditin
343 3100 514 3184 mtegralit
514 3121 549 3164 er
586 3104 619 3165 et
655 3101 798 3166 donavit.
842 3099 967 3166 Mercat
952 3103 1040 3165 tores
1078 3103 1188 3164 autem

243 3255 474 3311 ttestimonium
491 3257 535 3325 D,
553 3258 753 3311 testamentum
772 3256 808 3311 F.
887 3255 977 3313 chiis
996 3255 1072 3310 codd
1155 3259 1188 3308 14

172 3323 233 3379 sine
251 3328 363 3397 sampsi,
381 3327 457 3383 absit
474 3299 551 3383 codd.
638 3333 671 3381 18
690 3327 905 3396 disponentibus
924 3329 967 3395 D,
987 3325 1189 3395 omnipotenti-

171 3395 281 3523 bpgd
245 3397 281 3452 F
349 3404 383 3453 21
402 3397 445 3471 bii
463 3399 539 3455 codd.
607 3404 642 3454 23
661 3398 797 3468 nephario
811 3400 887 3454 codd.
956 3404 991 3453 26
1010 3396 1187 3467 dampnando
1316 3405 1317 3438 ³
