2654 3900
246 1043 281 1110 Si
294 1045 478 1111 litterarum
492 1045 700 1128 antiquarum
709 1043 855 1128 cognitio
868 1041 959 1108 nulla
972 1043 1171 1108 incrementa

154 1139 284 1218 caperet
304 1135 370 1200 nisi
393 1155 431 1198 ex
455 1134 500 1199 cis
524 1133 747 1216 scriptoribus,
771 1132 826 1216 qui
844 1151 918 1196 raro
941 1131 1113 1196 admodum
1137 1137 1171 1198 et

154 1224 284 1306 magnis
302 1221 485 1288 intervallis
505 1243 544 1286 ex
562 1221 835 1286 bibliothecarum
851 1219 994 1284 tenebris
1013 1219 1048 1284 in
1065 1220 1170 1286 lucem

154 1311 376 1393 proferantur,
403 1309 552 1374 imminui
580 1312 694 1376 eontra
719 1309 917 1392 crederetur,
944 1309 1169 1392 quotienscun-

156 1419 219 1482 que
241 1398 325 1463 liber
351 1398 467 1482 aliquis
490 1399 532 1465 ab
556 1420 594 1464 eo
618 1399 670 1464 cui
700 1397 885 1463 adscribere
908 1399 1169 1464 consueverimus

155 1486 281 1552 auctori
302 1486 512 1572 abiudicetur,
531 1487 708 1553 maximum
725 1486 873 1552 futurum
891 1507 962 1552 esse
981 1487 1170 1571 periculum,

152 1596 193 1639 ne
216 1577 348 1640 nostrae
372 1577 488 1641 aetatis
511 1575 673 1660 philologi
696 1576 804 1659 potius
823 1576 1050 1640 retrocessisse
1073 1597 1169 1658 quam

152 1664 278 1747 priores
303 1686 472 1748 superasse
496 1664 681 1729 viderentur
702 1663 882 1729 rectissime
911 1664 1067 1747 scriptum
1090 1663 1169 1748 legi·
1258 1733 1259 1736 Ἴ

126 1779 131 1794 ·
152 1773 225 1817 mus
240 1752 275 1816 in
290 1753 409 1818 eximia
422 1751 632 1834 Wblfflini,
646 1752 708 1816 viri
723 1752 914 1836 doctissimi,
933 1751 1170 1832 dissertatione,

152 1862 236 1924 quae
259 1844 310 1905 est
333 1840 371 1905 de
394 1839 430 1906 L.
453 1838 581 1904 Annaei
604 1837 744 1906 Senecae
767 1840 911 1906 monitis.
953 1839 1059 1916 Quare
1082 1840 1169 1905 haud

151 1929 311 1994 absonum
343 1929 423 1992 mihi
456 1929 562 1994 visum
591 1933 641 1995 est
673 1929 881 2012 antiquitatis
910 1928 1017 1994 studia
1047 1928 1169 1994 librum
1259 1951 1275 1984 ο

152 2017 313 2100 quendam
337 2016 501 2082 oblivione
528 2039 662 2100 prorsus
691 2018 843 2082 obrutum
868 2016 990 2083 edendo
1012 2039 1071 2101 pro
1095 2039 1168 2082 mea

151 2110 244 2257 pgute
258 2127 459 2258 {imment
478 2106 619 2258 (11]ρῖιεὶ
638 2106 693 2189 qui
711 2108 845 2190 propter
865 2105 991 2208 dicendi
1008 2106 1168 2258 ratiossrem

151 2197 921 2364 latftttlttttttlttttlt
941 2199 1092 2365 titt-tlt
1108 2199 1169 2348 tl

151 2370 293 2436 curatius
318 2392 415 2454 quam
439 2370 544 2436 adhuc
567 2371 638 2435 fieri
665 2371 773 2454 potuit
796 2370 1046 2454 perscrutandas
1071 2370 1168 2436 etad

150 2455 279 2522 fabulas
315 2459 431 2524 melius
468 2458 717 2543 intellegendas,
754 2480 835 2543 quas
873 2459 912 2525 dc
950 2456 1167 2524 Constantino

150 2543 272 2629 Magno
300 2545 433 2630 eiusque
460 2551 564 2612 matre
591 2549 711 2613 iterum
733 2547 915 2632 iterumque
939 2548 1169 2648 excogitabant

149 2655 325 2788 novallam
353 2726 390 2788 ut
417 2727 523 2789 cetera
546 2725 709 2808 omittam,
736 2747 788 2808 ea,
815 2747 896 2810 quae
921 2722 1035 2790 Suidas
1058 2722 1114 2809 (Π,
1136 2747 1167 2808 p.

153 2810 216 2876 382
245 2812 293 2876 ed.
320 2810 524 2896 Bernhardy)
553 2813 592 2878 de
625 2813 807 2879 rationibus
840 2813 1035 2898 quibusdam
1071 2813 1167 2878 nobis

151 2897 298 2984 tradidit,
334 2901 451 2984 quibus
490 2899 702 2968 Constantius
742 2900 879 2967 Chlorus
916 2899 1168 2978 Constantinum

150 2986 254 3051 filium
273 3009 366 3054 suum
385 2990 577 3073 cognovisse
595 2991 723 3070 dicitur,
744 3012 782 3055 ex
802 2991 847 3056 eis
866 2991 970 3075 libris,
988 2991 1045 3074 qui
1064 2991 1168 3056 adhuc

151 3074 189 3140 de
217 3074 270 3140 his
299 3077 377 3142 viris
407 3078 531 3162 publici
560 3079 639 3144 iuris
667 3078 748 3180 facti
775 3082 867 3182 sunt,
892 3079 1041 3162 intellegi
1069 3079 1168 3163 plane

149 3165 1168 3341 ddnapipidddgltbcudludlbcdedbodiddvcsddddrbvcmiddibbdis

149 3341 272 3422 proteri
296 3341 385 3426 licet,
411 3347 449 3408 ut
473 3344 592 3410 sinon
615 3345 749 3410 eandem
777 3345 918 3410 similem
947 3348 1032 3410 certe
1055 3366 1167 3409 narra-

149 3428 271 3494 tionem
300 3426 415 3497 Suidas
441 3435 516 3498 ants
537 3434 647 3499 oculos
670 3432 824 3499 habuisse
843 3434 969 3500 dicatur
992 3436 1089 3517 atque
1112 3432 1166 3498 hic
