2654 3900
583 220 800 284 ..12-

183 381 354 465 cunctique
387 381 506 445 terreni
539 378 663 444 domini
693 377 801 456 heres,
839 377 943 442 omnis
978 377 1198 460 generationis

182 473 314 534 nostrae
338 469 494 532 memoria
517 489 554 532 ac
580 467 679 532 totius
702 467 832 531 futurae
857 465 1061 550 posteritatis
1085 466 1197 530 archa!

183 557 224 640 0,
243 557 285 641 si,
303 556 388 641 quod
408 557 507 639 absit,
527 556 635 640 aliquo
654 554 857 619 infelicitatis
880 577 957 619 casu
979 555 1041 618 viis
1061 557 1095 618 et
1112 554 1197 618 votis

183 645 249 710 tuis
269 645 448 710 obsistente
471 648 504 708 te
527 645 660 729 perdere
678 665 738 709 nos
758 644 976 728 contingeret,
1002 641 1115 706 exinde
1133 665 1199 709 non

127 803 128 808 ,
184 735 289 799 solum
313 733 487 798 cuiuslibet
510 733 623 798 solacii
644 731 816 817 refugium,
838 753 950 797 verum
975 731 1073 795 etiam
1096 731 1227 796 totiusa

182 821 386 907 posteritatis
400 824 534 886 nostrae
549 823 684 886 exitium
697 821 813 886 deflere
827 841 929 905 usque
945 819 1098 883 adfinem
1112 816 1199 884 ritae

182 915 314 976 nostrae
333 910 563 974 miserabiliter
583 910 717 994 dignum
736 911 824 974 esset
840 929 900 973 nee
912 909 1001 973 ultra
1015 907 1123 972 vivere
1143 907 1199 972 sed

183 1000 267 1064 mori
293 998 423 1063 forata
451 997 510 1062 deo
535 998 611 1062 altis
639 997 785 1081 suspiriis
815 997 926 1061 sedulo
953 995 1199 1079 postulandum

183 1088 306 1153 nullius
332 1086 498 1151 solaminis
523 1108 580 1169 spe
602 1086 692 1150 refici
716 1086 772 1150 sed
795 1085 898 1149 totius
918 1083 1142 1149 tribulationis
1167 1087 1199 1146 et

185 1175 354 1261 angustiae
391 1174 478 1239 affici
514 1174 648 1258 dignum
685 1175 838 1239 ducerent
874 1173 913 1237 de
955 1177 1062 1237 cetero
1104 1172 1199 1236 corda
1215 1196 1242 1234 ro

183 1269 307 1330 nostra.
349 1261 443 1328 Oculi
465 1263 571 1327 nostri
588 1262 697 1328 vultus
721 1263 770 1327 tui
794 1262 916 1326 lumine
939 1260 1200 1344 praeclarissimo

185 1351 372 1436 depraedati
387 1352 548 1416 continuis
563 1351 769 1416 lacrimarum
789 1350 935 1415 fontibus
954 1349 1055 1414 facies
1069 1353 1199 1414 nostras

185 1442 322 1525 irrigare
349 1439 511 1504 uberrime
539 1440 656 1504 merito
687 1444 886 1524 cogerentur.
932 1437 1038 1502 Aures
1070 1441 1201 1502 nostras

186 1530 299 1595 audito
318 1532 394 1592 tuae
412 1527 603 1612 perditionis
624 1549 701 1592 casu
718 1527 842 1592 infelici
860 1533 1017 1593 terrorem
1036 1525 1201 1590 dolorissi·

186 1640 274 1682 mum
302 1617 444 1700 recipere
473 1621 507 1680 et
533 1616 653 1682 habere
677 1637 804 1700 semper
828 1620 861 1680 et
885 1617 1085 1679 incessanter
1108 1636 1244 1696 opor-15

186 1710 271 1771 teret
290 1727 349 1770 nec
363 1708 450 1769 esset
469 1704 601 1789 aliquod
620 1726 791 1788 corporum
804 1707 992 1769 nostrorum
1012 1702 1202 1784 membrum,

186 1795 272 1880 quod
290 1797 361 1858 tam
373 1792 549 1858 nefandum
568 1792 774 1858 infelicitatis
789 1813 899 1858 casum
916 1791 1118 1856 amarissime
1135 1812 1202 1855 non

186 1884 328 1948 defleret.
364 1881 410 1945 Et
429 1882 470 1964 si,
489 1881 574 1965 quod
594 1882 690 1964 absit,
713 1881 843 1966 aliquod
862 1880 939 1946 talis
958 1880 993 1944 in
1012 1879 1201 1963 corporibus

185 1971 309 2037 nostris
328 1969 533 2034 infedilitatis
552 1968 734 2034 membrum
751 1969 885 2052 reperiri
904 1968 1117 2052 contingeret,
1139 1967 1201 2031 hoc

189 2063 276 2125 esset
296 2057 409 2142 procul
434 2057 532 2122 dubio
555 2057 674 2122 iudicio
698 2059 847 2141 protinus
872 2054 1125 2129 abscidendum’.
1216 2079 1244 2119 ao
1320 2077 1321 2080 ¹

135 2142 176 2206 18
275 2145 337 2210 His
368 2150 401 2210 et
430 2146 616 2210 huiusmodi
648 2146 825 2230 plangendi
852 2145 957 2211 modis
985 2145 1065 2228 ipsis
1093 2143 1201 2208 multi-

186 2235 385 2321 plicantibus
414 2238 448 2298 et
474 2234 562 2298 ultra
590 2256 687 2318 quam
715 2234 778 2299 dici
805 2235 911 2318 possit
938 2232 1202 2299 continuantibus

186 2326 402 2409 pervenerunt
432 2323 472 2386 ad
501 2327 640 2408 portam.
683 2321 729 2387 Et
755 2323 867 2386 navim
894 2322 1084 2404 deputatam
1111 2321 1203 2384 nobi·

186 2413 305 2477 tissimi
324 2412 477 2496 coniuges
496 2413 707 2475 intraverunt.
743 2410 790 2475 Et
802 2409 1064 2476 ‚valedicentibus
1088 2429 1202 2492 paren-

185 2502 275 2565 tibus
302 2499 447 2584 ipsisque
474 2521 586 2564 rursus
613 2499 863 2564 valedictionem
891 2497 1124 2564 lacrimabilem
1154 2518 1202 2560 re·
1217 2517 1245 2558 rs

185 2589 366 2654 ferentibus
389 2591 586 2652 mercatores
605 2588 740 2672 pessimi
763 2588 879 2652 erectis
902 2587 985 2652 velis
1005 2589 1038 2651 et
1056 2584 1201 2669 remigiis

188 2678 309 2761 aptatis
333 2676 449 2741 abinde
472 2676 628 2760 navigare
653 2679 837 2760 coeperrmt.

136 2762 178 2826 19
277 2765 422 2830 Tandem
440 2786 513 2830 cum
531 2765 742 2830 transfretate
761 2785 882 2849 magna
899 2767 994 2847 parte
1013 2761 1110 2827 maris
1134 2761 1201 2826 iam
1314 2753 1321 2782 ⁴

187 2854 314 2939 regioni
344 2853 567 2918 Romanorum
601 2854 861 2938 appropinquare
893 2852 1086 2935 inciperent,
1119 2871 1201 2915 mer-

188 2947 314 3007 catores
341 2941 415 3007 vela
442 2963 570 3006 sursum
597 2943 744 3007 levantes
770 2963 869 3006 naves
898 2941 939 3005 ad
967 2939 1128 3024 quandam
1154 2939 1201 3002 in-
1216 2960 1243 3006 ao.

188 3030 293 3096 sulam
316 3030 499 3114 parvulam,
523 3052 605 3114 quae
623 3031 721 3095 nullis
740 3029 989 3094 inhabitabatur
1013 3028 1201 3094 hominibus

188 3119 242 3184 sed
260 3120 397 3203 rupibus
415 3122 448 3183 et
470 3119 595 3184 rubetis
613 3119 745 3184 incultis
763 3120 796 3184 et
814 3116 982 3183 horrendis
1002 3116 1203 3182 exuberabat

259 3354 291 3402 13
310 3349 421 3402 nostras
444 3347 487 3413 D,
510 3347 622 3400 nostrae
645 3345 681 3399 F.
756 3352 789 3401 17
812 3345 993 3415 nephandum
1016 3345 1091 3399 codd.
1167 3349 1200 3397 18

185 3417 285 3472 talium
311 3421 386 3474 codd.
471 3423 503 3472 19
530 3415 694 3486 contigeret
712 3419 788 3473 codd.
868 3423 901 3471 21
927 3415 984 3470 hiis
1009 3415 1085 3470 codd.
1165 3419 1200 3468 23

186 3489 282 3544 navim
296 3491 372 3546 codd.
390 3491 419 3560 (l)
483 3493 527 3544 ,25
541 3487 739 3544 valedictionis
754 3489 839 3556 codd„
853 3485 1071 3542 valedictionem
1085 3486 1193 3541 correxi
