2654 3900
528 197 743 260 -15„

126 359 202 420 nost
202 353 295 421 rum'.
336 355 400 421 Per
427 379 510 440 quae
538 358 572 420 et
598 355 650 419 his
679 354 801 420 similia
829 354 973 418 animum
1000 353 1062 418 viri
1092 354 1143 418 sui

127 442 315 527 aliqualiter
338 445 383 508 mi
385 445 511 530 rigavit

215 531 352 598 Nobiles
367 538 477 598 autem
492 533 644 616 coniuges
659 531 743 596 nihil
759 532 846 596 aliud
864 531 949 615 apud
968 552 1002 596 se
1021 529 1141 594 haben·
1152 532 1195 597 23

126 624 190 705 tes,
218 620 257 684 de
281 643 344 706 quo
368 622 476 686 cibum
500 625 533 687 et
556 627 614 705 pot
615 643 671 685 um
695 642 820 686 sumere
843 623 991 703 possent,
1016 619 1080 684 nisi
1103 619 1142 683 de

99 709 287 775 structibus
306 710 508 794 quarundam
527 711 681 776 arborum
700 731 780 793 quas
799 709 834 774 in
851 708 996 792 praedict
997 729 1017 771 a
981 706 1143 772 tinsula

125 799 321 864 invenerunt
342 803 375 863 et
402 800 441 864 de
464 821 549 882 aqua
572 798 739 863 maritima
766 819 801 862 se
829 819 888 880 per
916 796 1043 880 aliquos
1073 796 1143 860 dies

127 886 309 952 refecerunt
337 887 423 951 aliud
452 887 584 970 penitus
615 886 852 952 nutrimentum
880 907 947 950 non
975 885 1143 949 habentes.

128 972 211 1038 Cum
234 978 343 1039 autem
370 976 529 1059 placuerit
555 975 683 1039 divinae
709 974 839 1058 pietati,
866 995 949 1058 quae
971 971 1143 1037 Danielem

128 1063 167 1127 de
190 1062 263 1128 lacu
285 1063 418 1128 leonum
440 1064 607 1146 liberarit,
634 1085 690 1128 eos
714 1063 864 1128 similiter
886 1062 1041 1144 liberare,
1070 1082 1144 1125 con·

88 1171 113 1210 ro
127 1151 206 1234 tigit
237 1155 275 1217 ut
305 1153 371 1236 ipsi
403 1156 528 1217 stantes
560 1151 709 1216 viderent
740 1150 888 1216 homines
918 1150 1075 1235 quosdam
1104 1149 1143 1213 de

126 1260 228 1323 prope
258 1241 461 1326 navigantes.
514 1240 576 1317 oui
608 1239 714 1324 gavisi
746 1239 886 1304 multum
919 1239 1144 1303 clamaverunt

128 1349 224 1410 super
256 1350 311 1394 eos
349 1329 506 1393 dieentes:
553 1328 592 1394 ‘0
626 1328 831 1393 dilectissimi
863 1327 1026 1410 homines,
1062 1348 1143 1411 quos

128 1415 349 1481 misericordia
386 1417 519 1482 deorum
550 1416 737 1481 sublimium
771 1416 812 1481 ad
843 1417 919 1499 hoc,
955 1419 992 1481 ut
1024 1437 1085 1480 nos
1123 1437 1144 1480 a

127 1507 233 1569 morte
265 1505 441 1588 eriperent,
414 1506 515 1570 tad
546 1506 631 1570 hunc
663 1506 771 1570 locum
802 1503 943 1570 feliciter
974 1504 1144 1588 pervenire

88 1591 285 1677 refecerunt,
313 1594 404 1659 vobis
432 1594 548 1658 intime
577 1595 875 1677 supplicamus,ut
904 1614 1014 1658 amore
1042 1592 1145 1656 divini

126 1682 264 1764 praemii
288 1703 325 1747 ac
347 1682 439 1748 nauli
461 1682 562 1747 vestri
584 1703 645 1747 nos
669 1683 709 1747 ad
732 1703 833 1748 naves
858 1686 985 1748 vestras
1008 1681 1144 1764 recipia-

127 1769 170 1832 tis
194 1773 228 1832 et
249 1769 433 1852 perducatis
457 1771 498 1835 cd
526 1775 672 1854 portum,
705 1771 746 1836 ad
773 1791 868 1854 quem
895 1792 954 1835 vos
980 1768 1029 1834 ire
1057 1769 1144 1854 cogi·

127 1855 244 1922 tast1s’.
282 1857 344 1934 oui
362 1859 492 1942 quidem
510 1859 658 1924 homines
678 1881 776 1942 supra
794 1858 927 1924 modum
945 1857 1143 1924 admirantes
1178 1923 1182 1932 ,

130 1966 180 2025 eo,
209 1946 293 2028 quod
323 1946 446 2012 ibidem
469 1947 596 2032 aliquos
623 1947 773 2013 homines
800 1967 967 2030 nunquam
995 1947 1145 2011 viderant

88 2053 115 2093 eo
129 2037 187 2098 aut
218 2034 368 2100 habitare
400 2036 588 2119 credebant,
625 2041 801 2120 coepenmt
833 2036 874 2100 ab
906 2036 948 2099 iis
982 2053 1145 2119 quaerere,

128 2122 269 2206 qualiter
291 2123 412 2187 ibidem
438 2125 673 2207 pervenissent.
715 2125 777 2202 Qui
804 2125 959 2190 timentes
981 2145 1049 2188 non
1073 2144 1143 2188 esse

128 2215 244 2312 tutum,
269 2211 297 2274 si
314 2211 354 2276 iis
374 2217 572 2296 exponerent
589 2214 638 2277 rei
656 2216 770 2298 gestae
788 2214 969 2297 veritatem,
993 2212 1144 2277 dixerunt

128 2321 169 2364 us
192 2298 596 2473 pildeibtltorblsoddiiildam
618 2389 809 2474 inquorum
827 2390 978 2455 manibus
996 2411 1056 2454 nos
1076 2388 1198 2454 era-24

88 2493 115 2534 ιι
129 2497 215 2558 mus,
247 2480 443 2558 tempestate
476 2477 583 2542 valida
614 2477 775 2562 compulsi
806 2478 849 2542 ad
878 2479 975 2543 istam
1003 2477 1143 2543 insulam

129 2584 202 2627 cum
226 2564 292 2628 suis
315 2564 453 2630 navibus
476 2566 603 2631 noviter
632 2569 861 2650 pervenerunt,
888 2566 944 2651 qui
971 2587 1045 2631 oum
1070 2566 1145 2630 fati·

128 2652 199 2736 gati
227 2674 247 2716 a
274 2651 443 2718 laboribus
471 2658 505 2718 et
530 2655 817 2739 remigrationibus
840 2655 938 2720 nimis
961 2657 1071 2719 essent
1093 2655 1146 2719 de·

128 2739 348 2806 liberaverunt
375 2742 410 2807 in
436 2743 511 2826 ipsa
535 2743 642 2808 insula
674 2765 732 2827 per
759 2747 890 2809 noctem
921 2743 1146 2828 requiescendi

129 2829 238 2910 gratia
260 2851 457 2913 permanere.
494 2829 628 2916 Nosque
652 2832 691 2897 de
713 2831 900 2898 huiusmodi
923 2831 1075 2916 periculis
1097 2833 1145 2896 in·

88 2935 115 2976 so
129 2917 275 2981 consueti
298 2939 335 2982 ac
357 2919 474 2984 timore
497 2921 613 2985 mortis
635 2921 734 2986 nimis
757 2920 923 3004 perterriti
949 2941 1043 2985 mane
1072 2942 1145 2986 oum

128 3004 194 3087 ipsi
222 3009 417 3072 mercatores
445 3007 633 3074 recederent
660 3031 713 3093 eo,
742 3009 828 3094 quod
856 3009 942 3075 oculi
968 3009 1074 3074 nostri
1096 3009 1146 3072 ni·

128 3094 230 3158 mium
259 3095 387 3177 gravati
414 3095 557 3181 fuerant,
584 3119 662 3182 prae
688 3098 827 3164 tristitia
853 3097 1069 3163 remansimus
1091 3098 1146 3162 hic

202 3248 297 3304 lhiis
323 3251 399 3306 codd.
472 3252 606 3308 3nichil
631 3253 667 3308 F.
747 3253 899 3324 Splacuit
923 3255 999 3310 codd.
1073 3270 1145 3323 quae

128 3321 242 3388 scripsi,
260 3319 309 3389 qui
324 3321 400 3377 codd.
474 3330 553 3377 aeos
568 3326 664 3380 deest'
652 3341 684 3379 aa
698 3325 774 3380 codd.
848 3331 881 3380 10
895 3323 1024 3380 viderent
1037 3326 1146 3394 sapei,

11 3415 12 3418 ι
128 3389 257 3445 videntes
280 3394 358 3448 codd.
431 3400 465 3448 15
487 3394 613 3450 fecerent
634 3396 678 3460 D,
702 3397 838 3466 ceperunt
859 3395 896 3450 F.
969 3401 1004 3450 28
1025 3395 1089 3465 ipsa
1106 3395 1147 3462 D,

11 3521 13 3540 μ
128 3459 238 3517 istaF.
311 3466 544 3532 toqueommF
