2654 3900
544 223 761 287 -23-

144 383 335 450 licatissime
366 383 569 447 manducare.
613 381 797 466 Imperator
829 402 905 447 vero
938 403 1006 446 rem
1038 382 1159 448 tacitus

146 473 354 538 considerans
368 470 527 536 Helenam
541 473 617 553 post
631 492 777 534 mensam
791 470 832 535 ad
846 491 880 535 se
894 470 1022 535 vocavit
1036 469 1159 535 dicens:

146 561 372 645 ‘Nequaquam
399 559 449 624 ita
475 563 526 624 est
553 559 592 622 de
619 558 688 623 filio
716 563 772 624 tuo
800 562 833 623 et
860 579 959 623 uxore
983 558 1053 624 eius
1076 559 1161 624 sicut

146 649 270 732 dixisti,
299 651 332 713 et
363 647 428 712 nisi
458 647 553 712 nobis
581 647 620 711 de
647 647 833 711 huiusmodi
860 647 948 711 dicas
980 648 1161 731 veritatem,

119 736 348 820 vimperialem
370 735 577 800 maiestatem
594 737 629 799 te
648 735 731 798 scias
751 734 895 818 graviter
919 734 1079 799 offendere
1101 755 1161 799 nec

147 826 290 890 debitam
320 827 354 888 te
384 823 516 888 noveris
549 823 684 889 evadere
715 844 812 906 posse
843 821 1024 888 ultionem'.
1069 822 1161 899 Quod

147 914 282 979 audiens
296 911 422 977 Helena
435 911 529 984 dixit:
549 910 700 977 ‘Domine
713 912 905 994 imperator:
924 932 963 975 ex
978 932 1041 994 quo
1055 911 1161 975 modis

147 1000 300 1066 omnibus
328 1000 409 1065 scire
437 999 535 1064 voltis
562 999 658 1064 huius
686 999 733 1063 rei
760 999 946 1082 veritatem,
973 999 1057 1064 detis
1081 998 1163 1062 mihi

147 1089 291 1155 indutias
314 1087 457 1153 modicas
482 1091 515 1153 et
538 1108 598 1173 ego
617 1108 747 1153 reversa
765 1108 839 1151 cum
857 1087 926 1153 filio
946 1108 1018 1151 meo
1042 1091 1076 1151 et
1093 1086 1163 1151 filia

107 1195 134 1233 1⁰
148 1179 253 1243 dicam
285 1175 402 1242 vobis'.
445 1176 630 1261 Imperator
664 1196 741 1240 vero
769 1196 804 1239 se
835 1175 870 1239 in
900 1175 965 1240 hoc
997 1175 1163 1240 difficilem

146 1266 298 1346 reddens,
321 1266 377 1330 sed
395 1265 500 1329 victus
519 1265 650 1329 tandem
668 1264 738 1328 eius
761 1264 911 1347 precibus
932 1264 1018 1328 diem
1041 1266 1164 1328 certam

148 1353 303 1418 redeundi
325 1357 358 1417 et
380 1353 559 1436 praemissa
581 1351 707 1417 dicendi
730 1352 796 1417 sibi
819 1351 1008 1436 assignavit.

237 1440 300 1505 Die
315 1462 389 1506 vero
405 1444 529 1507 statuta
544 1441 733 1505 adveniente
747 1439 874 1504 Helena
888 1440 1052 1521 annulum,
1066 1461 1162 1524 quem
1174 1437 1216 1502 37

149 1530 213 1595 sibi
236 1529 415 1612 imperator
437 1530 473 1593 in
495 1529 707 1594 defloratione
725 1551 784 1594 sua
802 1531 840 1593 ut
861 1528 1006 1612 praedixi
1024 1528 1165 1611 dederat,

109 1633 135 1674 1⁵
149 1641 215 1683 una
243 1639 316 1683 cum
342 1616 740 1701 nobilissimo-imperiali
770 1617 932 1681 humerali
964 1619 1165 1699 ornamento,

150 1729 231 1790 quas
258 1727 310 1770 res
338 1705 503 1789 praedicta
531 1704 659 1770 Helena
686 1726 788 1789 usque
815 1704 850 1770 in
878 1706 984 1788 ipsam
1008 1704 1094 1769 diem
1116 1705 1166 1768 ita

151 1793 384 1876 occultaverat,
408 1794 494 1877 quod
511 1794 595 1858 nulli
613 1794 736 1859 viventi
760 1793 799 1857 de
819 1793 880 1858 hoc
901 1793 1076 1876 quidquam
1093 1813 1166 1856 con-

151 1882 239 1947 stitit
261 1902 321 1946 nec
343 1882 528 1967 constabat,
551 1883 637 1965 apud
661 1904 695 1947 se
718 1885 839 1947 secrete
863 1881 1021 1964 recipiens
1045 1879 1087 1944 ad
1109 1880 1167 1943 im-

150 1973 336 2054 peratorem
364 1991 429 2035 una
456 1993 530 2036 eum
557 1970 626 2035 filio
655 1993 713 2035 suo
741 1973 774 2035 et
800 1969 871 2034 filia
893 1990 1023 2034 reversa
1046 1968 1111 2034 fuit
1133 1970 1167 2032 et

111 2073 138 2113 ²⁰
152 2063 243 2124 stans
267 2059 302 2122 in
324 2058 428 2142 ipsius
450 2059 637 2141 praesentia
656 2059 739 2122 dixit
757 2058 821 2122 sibi
840 2057 1065 2140 supplicando:
1090 2055 1167 2121 ‘Do-

152 2147 241 2211 mine
259 2147 451 2230 imperator,
469 2166 564 2230 rogo,
582 2149 621 2210 ut
639 2167 749 2210 amore
767 2146 821 2210 dei
838 2146 873 2210 in
891 2145 952 2228 his,
973 2166 1055 2228 quae
1073 2144 1167 2209 vobis

153 2234 235 2318 dixi,
266 2235 413 2298 contenti
440 2235 513 2300 sitis
541 2238 574 2299 et
602 2255 653 2298 me
681 2234 722 2297 ad
749 2233 905 2298 ulteriora
937 2232 1072 2297 dicenda
1101 2253 1169 2296 non

153 2320 300 2406 cogatia'.
350 2321 551 2407 Imperatore
584 2326 694 2385 autem
725 2320 787 2385 hoc
819 2320 927 2385 facere
957 2321 1089 2404 penitus
1121 2340 1169 2384 re-

154 2414 289 2475 cusante
321 2414 354 2474 et
385 2410 427 2475 ad
459 2410 643 2492 dicendum,
676 2409 817 2492 qualiter
848 2412 936 2472 esset
968 2408 1006 2472 de
1039 2408 1107 2472 filio
1135 2411 1169 2472 et

113 2512 140 2552 2⁶
155 2498 237 2577 filia,
264 2497 371 2581 ipsam
398 2498 494 2563 minis
519 2502 552 2563 et
578 2497 757 2562 terroribus
785 2499 952 2562 coartante
982 2496 1065 2560 dixit
1092 2496 1169 2561 sibi:

154 2586 320 2669 ‘Domina
356 2586 386 2650 si
420 2586 530 2651 dixero
566 2585 659 2650 vobis
691 2585 876 2663 veritatem,
912 2606 980 2649 non
1016 2584 1168 2668 credetis,

153 2697 265 2740 verum
288 2677 412 2758 tamen,
435 2697 474 2739 ex
497 2696 561 2759 quo
583 2673 705 2738 habere
727 2694 796 2738 non
813 2672 911 2738 voltis
930 2694 983 2736 me
1001 2672 1040 2736 de
1058 2672 1169 2737 huius-

154 2763 243 2828 modi
275 2763 516 2847 subportatam,
547 2764 676 2827 vestrae
703 2761 836 2826 notifico
869 2760 1049 2845 maiestati,
1082 2761 1169 2844 quod

155 2853 217 2915 iste
240 2849 486 2935 Constantinus,
515 2850 602 2915 filius
627 2871 731 2934 maus,
759 2853 810 2914 est
831 2849 920 2914 filius
943 2853 1059 2914 vester.
1095 2847 1168 2933 Ego

114 2957 141 2997 ω
155 2940 262 3040 ipsum
294 2939 333 3054 de
369 2939 463 3006 vobis
499 2939 638 3022 suscepi,
675 2939 732 3022 qui
762 2960 814 3003 me
850 2939 1081 3023 pauperculam
1114 2958 1170 3020 op·

153 3030 469 3199 pressliilideipiens
489 3115 595 3198 coepit
618 3115 682 3180 sibi
704 3135 837 3180 narrare
859 3115 964 3179 totam
984 3114 1101 3178 seriem
1119 3107 1222 3176 rei38
1322 3091 1323 3117 ¹

154 3207 282 3287 gestae,
306 3203 390 3269 sieut
412 3203 447 3268 in
469 3203 628 3287 principio
651 3203 831 3287 praesentis
856 3203 1004 3286 opusculi
1027 3201 1170 3266 contine-

228 3342 382 3399 vuomine
401 3357 451 3398 oea,
466 3341 502 3396 F.
575 3341 693 3396 8voltis
708 3342 750 3409 D,
770 3340 848 3394 vltis
866 3340 902 3394 F.
975 3344 1008 3394 21
1023 3337 1079 3391 hiis
1094 3338 1170 3393 codd.

155 3412 289 3553 idgsesoptps
309 3415 398 3480 codd,
417 3410 480 3467 sitis
493 3414 612 3476 ,careat
686 3418 720 3467 2‘1
744 3411 830 3466 voltis
849 3411 925 3467 codd.
1007 3414 1041 3464 29
1059 3407 1114 3463 iste
1132 3408 1172 3475 D,
