2654 3900
599 206 818 272 ..20-

147 363 210 446 31,
289 364 351 430 His
383 387 459 431 vero
492 365 527 430 in
555 365 650 431 corde
678 387 736 430 suo
765 365 861 430 dictis
889 364 1017 432 Helena
1046 367 1222 432 encenium

199 454 402 539 praedictum
421 454 460 519 de
478 477 578 520 manu
595 475 696 519 nurus
715 475 793 519 suae
811 455 933 537 recepit
951 455 1121 539 ipsumque
1140 461 1222 539 post

199 541 280 608 haec
306 564 373 607 non
400 543 513 607 multis
542 542 662 626 clapsis
691 541 805 608 diebus
833 542 982 607 vendidit
1008 565 1067 626 pro
1096 563 1223 628 magna

200 632 356 717 pecuniae
383 631 578 715 quantitate3
607 631 646 696 de
674 631 763 696 cuius
791 630 921 714 quidem
944 631 1099 714 pecuniae
1122 636 1220 715 parte

199 741 301 784 uuum
328 719 544 801 domicilium,
570 720 605 782 in
633 741 696 803 quo
721 741 780 802 per
803 718 914 802 aliqua
936 722 1085 803 tempora
1107 719 1253 804 hospi-c

199 808 283 872 tium
306 807 438 874 advenis
456 807 563 871 tenuit
582 811 615 871 et
634 806 781 891 hospites
800 807 1062 889 supervenientes
1086 808 1222 893 recepit,

200 897 412 979 comparavit
461 895 507 961 lat
540 895 587 960 sic
616 895 705 960 facta
738 895 934 978 stabularia,
970 917 1005 960 se
1038 896 1152 962 exinde
1186 900 1222 962 et

199 1006 317 1050 nurum
351 1005 443 1048 suam
474 1005 540 1048 una
572 1004 644 1048 cum
675 983 743 1049 filio
777 1005 835 1048 suo
869 984 1027 1049 enutrivit
1058 984 1222 1051 decenter.

200 1071 310 1138 Nurus
338 1093 416 1138 vero
444 1071 587 1137 Helenae
615 1071 651 1135 in
693 1075 808 1137 extura
840 1092 976 1154 operum
1009 1071 1221 1138 muliebrium

201 1164 466 1244 sumptuosorum
481 1164 514 1225 et
526 1160 688 1225 nobilium
707 1159 881 1224 secundum
899 1160 986 1244 quod
1000 1182 1092 1225 suam
1110 1161 1221 1226 decuit
1239 1181 1266 1220 rc

201 1249 422 1314 condicionem
445 1271 534 1314 more
559 1248 779 1313 subtilitatum
803 1246 957 1313 Graeciae
984 1249 1067 1312 bene
1089 1248 1221 1314 erudita

200 1338 322 1402 bonam
340 1336 512 1420 pecuniam
530 1336 568 1401 de
586 1336 699 1402 labore
713 1358 867 1402 manuum
886 1336 1018 1402 cottidie
1032 1337 1220 1403 lucrabatur

202 1428 235 1490 et
257 1424 403 1490 Helenae
426 1429 583 1509 tanquam
607 1447 684 1490 suae
711 1425 861 1490 dominae
889 1424 1063 1491 oboediens
1087 1429 1120 1491 et
1143 1426 1219 1491 sub-

201 1513 287 1578 iecta
310 1513 447 1598 obsequi
464 1535 530 1578 non
549 1512 792 1599 ¹dedignabatur
809 1513 845 1576 in
862 1514 1014 1579 omnibus
1034 1516 1069 1579 et
1088 1514 1219 1579 servire.

148 1595 192 1663 32
291 1599 525 1667 Constantinus
540 1605 650 1667 autem
668 1623 746 1666 suae
763 1623 899 1685 sequens
917 1602 1101 1668 nobilitatis
1121 1602 1263 1687 origi-1⁵

201 1712 291 1770 nem,
319 1712 418 1774 quam
444 1693 556 1756 tamen
583 1691 713 1773 penitus
740 1690 918 1774 ignoravit,
941 1711 976 1755 se
999 1711 1039 1756 ex
1061 1690 1221 1757 instinctu

203 1779 356 1863 quodam,
385 1799 481 1863 quem
509 1779 572 1844 sibi
599 1783 717 1844 natura
751 1799 790 1843 ex
815 1779 922 1844 nobili
953 1779 1113 1866 sanguine
1145 1801 1220 1863 pro·
1303 1815 1304 1832 ÷

202 1871 312 1933 creata
343 1867 590 1952 ingeminavit,
618 1868 660 1932 ad
683 1871 775 1932 actus
798 1867 958 1933 militares
983 1889 1017 1933 se
1041 1866 1138 1932 dedit.
1173 1866 1220 1932 Et

203 1955 239 2019 in
260 1959 391 2022 tantum
413 1956 449 2020 in
471 1955 658 2021 hastiludiis
681 1958 714 2020 et
736 1955 972 2022 torneamentis
990 1959 1024 2020 et
1042 1955 1117 2022 aliis
1136 1955 1220 2020 mili·

202 2043 329 2109 taribus
354 2044 480 2110 actibus
504 2065 539 2108 se
559 2065 707 2110 exercere
726 2043 845 2126 coepit,
870 2044 956 2128 quod
978 2045 1112 2110 tandem
1134 2044 1261 2110 intereo

203 2153 315 2197 omnes
344 2132 467 2198 milites
496 2134 529 2196 et
555 2132 697 2217 nobiles,
724 2153 862 2216 quorum
890 2135 967 2197 tunc
996 2131 1153 2217 temporis
1184 2131 1220 2197 in
1302 2129 1303 2213 l

202 2219 310 2285 Roma
342 2224 413 2286 erat
444 2226 478 2285 et
515 2220 649 2286 cottidie
681 2221 720 2285 de
748 2219 897 2286 omnibus
928 2221 1040 2286 mundi
1072 2219 1219 2304 partibus

203 2307 325 2373 ibidem
353 2309 537 2374 confluebat
564 2308 811 2374 innumerabilis
839 2309 946 2392 copia,
974 2309 1031 2393 qui
1053 2331 1088 2373 se
1110 2309 1220 2375 huius-

203 2396 292 2461 modi
316 2396 445 2462 solaciis
463 2397 617 2463 continue
636 2397 839 2480 exercebant,
860 2399 988 2462 tantam
1005 2396 1128 2462 famam
1146 2417 1220 2464 con·
1301 2397 1302 2485 l

204 2484 321 2568 traxit,
344 2485 431 2569 quod
453 2485 563 2550 nullus
585 2485 620 2550 in
642 2486 724 2551 urbe
741 2484 848 2551 Roma
867 2481 1082 2551 Constantino
1106 2486 1220 2552 melior
1234 2503 1260 2544 2⁵

205 2572 397 2638 credebatur
419 2574 454 2639 in
477 2574 599 2639 talibus
622 2573 772 2639 inveniri.

152 2656 195 2721 33
295 2660 440 2728 Tandem
473 2659 684 2728 Constantius
721 2661 901 2746 imperator
930 2660 1097 2727 Romanus
1134 2661 1221 2726 diem
1300 2655 1301 2728 J

204 2749 324 2814 natalis
348 2750 399 2815 sui
422 2771 462 2816 cx
484 2772 574 2816 more
598 2771 695 2836 agere
713 2750 827 2816 volens
846 2749 977 2815 vocavit
1000 2770 1110 2815 omnes
1131 2769 1220 2816 sena—
1300 2741 1301 2757 ¹

204 2842 307 2922 tores,
332 2838 496 2922 tribunos,
522 2839 725 2904 centuriones
754 2839 787 2902 ct
814 2837 935 2903 milites
959 2839 992 2902 et
1021 2837 1072 2902 die
1096 2840 1220 2904 statuta

205 2925 376 2992 sollemnia
393 2927 514 2992 natalis
533 2928 584 2993 sui
602 2931 639 2994 ut
657 2928 867 2993 consueverat
883 2925 1068 2992 celebravit.
1098 2925 1138 2990 In
1151 2926 1218 3010 qui·
1234 2945 1260 2984 ³0

204 3013 266 3079 bus
302 3014 388 3078 inter
424 3020 533 3081 cetera
568 3014 819 3081 hastiludiorum
856 3018 888 3079 et
925 3017 1220 3081 tomeamentorum

279 3241 375 3296 1Hiis
394 3243 470 3298 codd.
579 3249 718 3310 amagna
735 3238 857 3310 pecunia
875 3239 1034 3309 quantitate
1052 3240 1095 3307 D,
1118 3255 1218 3310 magno

207 3309 328 3381 pecunia
347 3311 506 3381 quantitate
525 3313 561 3369 F.
635 3318 725 3380 equa
743 3311 781 3366 D.
855 3316 887 3366 12
906 3309 1024 3365 cottidie
1037 3311 1115 3367 codd.
1186 3318 1218 3366 17
1297 3351 1298 3400 ,

208 3387 315 3481 off
331 3399 371 3481 r,
448 3408 481 3457 1e
500 3417 531 3486 ss
548 3418 598 3458 om.
618 3401 657 3455 n.
742 3406 777 3454 22
796 3398 914 3456 coaice
933 3399 1009 3456 aaa
1095 3404 1128 3480 nr
1147 3398 1221 3454 uem

206 3469 310 3524 natalis
330 3486 373 3524 sm
391 3472 468 3528 codd.
483 3473 565 3543 (dean
576 3472 697 3529 amabar
710 3469 842 3541 acam)
915 3477 949 3526 80
964 3467 1132 3541 sollempnia
1145 3471 1218 3528 codd.
