2654 3900
558 227 756 291 ..7-

151 387 397 470 praemiserunt.
428 387 612 469 Imperator
632 390 741 449 autem
761 385 928 450 intellecto
948 385 1094 467 ipsorum
1112 385 1167 450 ad·

151 480 249 540 ventu
272 497 327 541 eos
350 475 527 539 honorifice
550 474 673 556 recepit
696 477 729 538 et
753 476 929 538 convocata
949 473 1110 537 nobilium
1133 477 1167 537 et

152 566 341 647 magnatum
365 564 416 628 sui
438 563 568 646 imperii
591 561 800 626 multitudine
819 562 866 626 eis
889 562 1039 626 convivia
1061 566 1094 626 et
1118 583 1167 626 so-

151 652 236 716 lacia
263 652 391 716 infinita
416 651 605 734 praeparari
632 649 800 715 mandavit
823 654 856 714 εὴ
882 649 969 715 fecit.
1012 648 1166 734 Sequenti

124 756 228 804 overe
249 739 300 804 die
322 741 417 824 impii
435 742 631 803 mercatores
651 738 858 820 imperatoris
876 738 1096 822 praesentiam
1116 759 1168 803 ac·

151 829 301 892 cedentes
331 829 394 893 sibi
423 827 595 892 confictam
629 827 791 890 malitiam
824 847 917 890 suam
949 830 1167 910 exposuerunt

151 915 310 980 dicentes:
342 915 380 981 ‘0
408 916 600 999 imperator,
631 915 780 980 dominus
807 918 919 979 noster
945 914 1166 980 Romanorum

151 1004 329 1086 imperator
360 1005 481 1068 nostris
514 1003 688 1087 praecipue
720 1006 754 1067 et
785 1003 924 1067 aliorum
956 1003 1085 1086 imperii
1116 1003 1167 1068 sui

151 1091 311 1175 fidelium,
338 1093 394 1176 qui
420 1113 534 1176 pacem
562 1091 703 1176 diligunt
731 1112 768 1155 ac
797 1095 919 1155 terram
942 1096 977 1155 et
998 1091 1167 1156 hominum

112 1196 138 1235 1⁰
152 1181 322 1245 commoda
342 1184 592 1264 prosequuntur,
611 1179 754 1244 consiliis
772 1178 903 1244 illectus
922 1184 955 1244 et
968 1180 1074 1244 vietus
1088 1179 1166 1244 fina-

151 1268 228 1332 liter
245 1270 358 1334 multis
382 1269 533 1352 precibus
551 1268 721 1334 nobiscum
744 1289 857 1351 paoem
880 1267 987 1332 facere
1009 1267 1167 1351 cogitavit

152 1361 186 1420 et
207 1360 245 1421 ut
267 1359 424 1440 perpetuo
448 1357 565 1422 robore
589 1356 744 1421 solidetur
767 1356 870 1420 filium
895 1378 987 1420 suum
1007 1354 1166 1421 Constan-

151 1445 256 1508 tinum
283 1444 371 1509 filiae
398 1448 524 1509 vestrae
547 1445 662 1509 unicae
689 1445 725 1508 in
747 1445 992 1509 matrimonium
1016 1445 1166 1528 copulare

152 1533 313 1616 disposuit
331 1538 365 1597 et
382 1537 419 1598 ut
440 1534 505 1616 ipsi
527 1533 649 1616 pariter
670 1533 778 1617 vobis,
801 1554 874 1598 cum
892 1532 1042 1597 heredem
1066 1533 1167 1596 alium

111 1637 216 1685 1⁵non
247 1621 411 1704 habeatis,
442 1623 477 1684 in
504 1620 701 1685 Graecorum
729 1624 763 1685 et
789 1621 853 1686 sibi
880 1621 915 1684 in
944 1620 1166 1686 Romanorum

150 1710 297 1792 imperiis
312 1709 482 1774 succedere
499 1705 626 1793 possint
643 1712 872 1792 postmortem
888 1714 1030 1774 vestram
1044 1720 1166 1775 vestro·

150 1818 286 1880 rumque
310 1798 436 1880 etipse
460 1795 693 1861 Constantinus
718 1819 790 1862 oum
813 1798 949 1882 coniuge
976 1820 1035 1862 sua
1057 1801 1167 1863 vestra

150 1885 221 1949 filia
248 1885 416 1970 utriusque
444 1885 574 1969 imperii
601 1885 777 1950 monarcha
803 1887 863 1950 fiat
890 1890 923 1950 et
949 1886 1014 1950 toti
1038 1887 1166 1951 saeculo

135 1973 355 2039 dominetur'.

1 2073 2 2088 ¹
110 2079 136 2120 2⁰
239 2063 421 2147 Imperator
434 2084 511 2127 vero
530 2063 570 2128 de
590 2085 626 2126 re
644 2067 712 2126 tam
730 2063 846 2146 grandi
861 2062 1061 2147 stupefactus
1080 2063 1165 2127 inter
1178 2059 1219 2123 10

150 2173 185 2215 se
208 2152 353 2235 cogitare
376 2151 483 2234 coepit
510 2151 648 2236 qualiter
671 2150 712 2214 ad
739 2151 925 2216 huiusmodi
946 2151 1165 2234 responderet.

151 2238 297 2302 Tandem
321 2240 505 2304 convocatis
533 2239 734 2323 principibus
758 2241 825 2304 suis
849 2243 883 2304 et
904 2239 1069 2304 nobilibus
1093 2261 1165 2304 cum

151 2327 198 2390 eis
222 2327 391 2410 superbis
415 2327 633 2392 ministerium
662 2327 790 2392 consilii
814 2328 865 2392 sui
891 2328 1008 2393 habuit
1031 2330 1064 2392 et
1085 2328 1165 2393 fina-

150 2416 228 2479 liter
250 2416 440 2482 deliberatio
460 2416 604 2480 omnium
627 2415 663 2478 in
685 2415 748 2480 hoc
766 2416 887 2480 resedit
907 2415 994 2500 quod
1016 2415 1086 2499 ipse
1106 2417 1165 2481 im-

109 2499 282 2587 es‘perator
305 2503 503 2568 Graecorum
526 2504 660 2568 attentis
683 2507 858 2587 perpetuae
878 2505 968 2588 pacis
987 2504 1165 2570 commodis

149 2595 302 2676 prompte
324 2591 445 2657 faceret
468 2591 553 2676 quod
576 2592 641 2656 sibi
664 2592 744 2656 adeo
763 2592 942 2657 liberaliter
961 2593 1165 2658 offerebatur.

149 2680 212 2744 His
234 2681 375 2765 peractis
399 2681 578 2763 imperator
599 2680 724 2745 vocatis
744 2679 786 2744 ad
806 2701 839 2745 se
861 2681 957 2745 dictis
976 2683 1165 2746 mercatori-

148 2769 210 2833 bus
233 2768 317 2832 dixit
340 2768 400 2833 eis:
429 2767 560 2834 ‘Omnia
583 2789 664 2852 quae
687 2769 866 2851 imperator
888 2768 1054 2834 Romanus
1079 2771 1165 2854 cogi·

149 2857 232 2921 tavit
259 2858 389 2940 explere
414 2858 507 2921 iuxta
534 2857 725 2921 relationem
754 2861 898 2922 vestram
920 2859 1029 2940 parati
1053 2879 1163 2922 sumus

109 2961 136 3001 ³0
150 2949 183 3008 et
210 2945 251 3008 ad
276 2949 468 3028 perpetuam
496 2965 609 3029 pacem
632 2966 742 3009 secum
770 2945 952 3010 faciendam
977 2949 1010 3010 et
1033 2968 1164 3012 servan·

149 3034 226 3097 dam
247 3032 349 3096 filiam
367 3036 515 3098 nostram
537 3034 665 3098 unicam
688 3032 756 3097 filio
781 3055 839 3099 suo
859 3031 1074 3099 Constantino
1098 3056 1165 3098 ma·

147 3121 380 3186 trimonialiter
398 3122 550 3205 copulare
568 3122 718 3186 volumus
743 3121 783 3185 ad
807 3143 935 3187 omnem
958 3123 1108 3187 effectum
1127 3128 1164 3187 ut

169 3347 418 3472 dh4·pmepffm
431 3363 481 3453 cra.
496 3348 553 3474 Εὐ
575 3421 585 3474 l
605 3355 638 3403 21
655 3348 691 3403 ad
706 3348 869 3403 huiusmodi
886 3350 957 3433 idem
975 3349 1165 3475 stygiificothoe
1262 3404 1274 3416 ,

149 3433 347 3546 laultt‘llr
363 3435 446 3546 amal?
470 3427 782 3546 ”tlttltttll‘
804 3423 869 3477 lm
886 3437 950 3490 '²²⁸⁶‘
967 3437 1013 3476 ¹²⁰*
1031 3439 1049 3474 ⁰
1066 3437 1098 3474 ”²
1134 3435 1166 3474 ⁰⁰
