2654 3900
485 186 801 254 ‘-1'6-

187 351 223 415 in
254 349 361 414 insula
393 349 603 434 dormientes,
635 349 699 433 ipsi
730 371 790 414 nos
822 369 887 414 una
919 370 992 413 oum
1024 347 1065 412 iis
1099 369 1198 412 naves

187 440 328 503 intrasse
350 437 489 504 fortasse
513 436 678 502 credentes
697 438 793 503 nobis
816 437 870 503 hic
892 436 1129 504 dormientibus
1151 458 1200 501 re-

187 527 271 592 lictis
294 525 516 591 recesserunt'.

133 608 178 674 25
276 613 326 679 De
357 614 501 679 tentorio
534 635 673 699 quoque,
704 615 740 679 in
772 636 835 700 quo
868 615 930 698 ipsi
962 615 1115 700 coniuges
1143 637 1202 698 per

188 707 318 768 noctem
349 702 560 784 dormierant,
594 725 632 768 ac
663 725 773 767 eorum
805 703 963 768 universis
995 704 1230 768 lectisterniisa

190 792 313 876 capelia
342 794 375 855 et
402 792 614 876 apparatibus
641 792 795 875 pretiosis
824 796 857 858 et
882 791 1048 857 nobilibus
1077 793 1203 857 nullam

189 881 321 964 penitus
344 880 541 944 mentionem
558 879 663 944 facere
682 881 753 944 ausi
771 880 901 944 fuerunt
923 880 1085 964 timentes,
1108 882 1203 966 quod,

190 969 218 1032 si
241 967 391 1033 homines
414 967 464 1032 illi
485 989 538 1032 res
560 967 747 1033 huiusmodi
770 976 803 1033 et
826 990 938 1034 earum
965 970 1202 1052 pretiositatem

189 1057 350 1138 riderent,
387 1076 456 1120 rem
488 1057 536 1120 ita
567 1078 638 1121 csse
671 1057 755 1121 sicut
787 1057 982 1122 rettulerant
1017 1057 1202 1122 nullatenus

190 1143 414 1210 existimantes
437 1144 476 1208 de
501 1143 542 1210 iis
565 1145 704 1209 fortasse
723 1144 820 1210 aliter
838 1146 983 1210 facerent
1001 1167 1099 1230 quam
1121 1146 1201 1229 ipsis
1217 1167 1245 1206 ro

189 1237 223 1299 et
250 1233 388 1298 utilitati
416 1253 527 1297 eorum
550 1233 748 1318 convenirct3
778 1255 913 1318 quorum
937 1235 1054 1299 timore
1077 1235 1141 1317 ipsi
1163 1234 1202 1298 de

188 1320 363 1404 praedictis
386 1321 596 1386 lectisterniis
620 1329 653 1386 et
679 1323 777 1387 rebus
801 1321 990 1405 simpliciter
1014 1326 1048 1387 et
1071 1323 1203 1388 omnino

188 1412 362 1474 tacuerunt
384 1412 418 1473 et
440 1431 495 1473 eas
518 1409 650 1493 perdere
669 1414 702 1475 et
724 1410 771 1474 ibi
790 1410 954 1475 dimittere
973 1411 1083 1493 potius
1106 1432 1203 1495 quam

187 1497 354 1582 periculis,
382 1519 463 1581 quae
488 1496 691 1581 expeditione
716 1499 861 1582 ipsarum
885 1500 1012 1564 evenire
1034 1499 1204 1583 timebant,

189 1608 223 1651 re
256 1585 447 1650 submittere
479 1585 696 1651 decreverunt.
745 1585 904 1652 Homines
937 1591 1047 1652 autem
1082 1587 1134 1651 illi
1170 1592 1204 1652 et
1218 1607 1244 1647 1⁵

187 1674 319 1739 navium
344 1674 517 1739 eorundem
540 1676 671 1758 patroni
694 1674 841 1740 videntes
869 1677 957 1760 ipsos
979 1681 1050 1741 tam
1072 1675 1204 1742 iuvenes

189 1766 223 1827 ct
245 1761 430 1846 praeclaros
452 1784 513 1828 nec
536 1763 701 1828 credentes
721 1785 776 1828 eos
800 1764 931 1848 aliquod
955 1764 1106 1829 fictitium
1130 1787 1204 1830 con·

188 1852 309 1936 fingere
329 1851 410 1915 scire
430 1851 485 1916 sed
504 1873 573 1916 rem
596 1851 643 1916 ita
662 1872 732 1916 esse
752 1852 837 1916 sicut
859 1853 1053 1918 rettulerant
1070 1853 1204 1918 omnino

190 1939 402 2004 aestimantes
422 1938 526 2004 dictos
541 1939 695 2025 coniuges
711 1940 931 2005 misericordia
946 1942 1028 2005 moti
1047 1941 1086 2005 ad
1105 1963 1202 2006 nares

190 2049 264 2092 suas
293 2025 505 2110 suscipientes
533 2049 635 2112 usque
663 2027 703 2092 ad
734 2032 865 2112 portum
895 2028 1130 2114 Romanorum,
1162 2029 1202 2093 ad
1216 2047 1243 2088 ao

190 2137 286 2200 quem
308 2117 379 2179 tum
404 2115 486 2180 alies
508 2116 588 2180 ituri
612 2120 717 2200 erant,
741 2138 849 2181 secum
872 2117 1098 2201 perduxerunt

135 2199 178 2264 26
278 2201 360 2268 Cum
375 2207 482 2268 autem
498 2204 536 2270 ad
551 2203 690 2269 Romam
703 2205 937 2288 pervenissent,
956 2206 1060 2290 gavisi
1073 2206 1204 2270 fuerunt

188 2292 307 2377 gaudio
335 2313 455 2377 magno
484 2292 578 2356 valde
602 2297 635 2357 et
662 2292 757 2357 deum
784 2293 820 2357 in
842 2294 993 2359 cordibus
1017 2294 1084 2359 suis
1109 2295 1204 2358 benc·

188 2381 330 2445 dicentes
350 2380 512 2445 dixerunt:
537 2379 698 2464 ‘Domina
717 2381 795 2446 deus
815 2383 1031 2466 omnipotens,
1049 2382 1107 2466 qui
1124 2404 1203 2447 nun·

189 2491 287 2554 quam
313 2467 433 2533 deseris
464 2473 632 2552 sperantes
656 2469 689 2533 in
713 2475 759 2551 te,
787 2469 849 2534 tibi
877 2471 1000 2554 gratias
1023 2470 1203 2554 referimus,
1217 2488 1243 2528 2⁵

189 2557 327 2641 quinos
351 2556 390 2621 de
414 2560 519 2622 morte
542 2557 719 2642 advitam,
743 2557 782 2622 de
800 2558 953 2642 periculis
975 2559 1202 2644 navigantium

189 2645 230 2710 ad
253 2644 420 2710 felicitatis
443 2650 588 2731 portum,
616 2647 654 2711 de
682 2646 889 2712 damnatione
913 2647 1062 2712 adriam
1086 2648 1201 2712 salutis

187 2733 377 2817 perduxisti
405 2733 494 2810 ouis
513 2735 600 2799 enim
618 2757 772 2818 umquam
792 2735 935 2819 speravit
952 2735 988 2798 in
1006 2738 1053 2820 te,
1072 2736 1126 2820 qui
1146 2757 1203 2819 spe

189 2844 248 2887 sua
269 2821 425 2887 frustrata
448 2827 595 2906 optatum
618 2845 684 2888 non
707 2824 913 2906 consequitur
931 2823 1115 2889 intentum?
1152 2821 1203 2888 De

189 2910 254 2975 isto
277 2931 337 2976 nec
354 2910 463 2995 aliqua
480 2912 714 2995 scripturarum
731 2914 843 2976 narrat
860 2910 1000 2976 historia
1019 2933 1078 2976 nec
1097 2912 1201 2977 cuius·
1215 2930 1242 2969 eo

190 3020 315 3083 cunque
337 2999 479 3064 viventis
501 3001 641 3066 refertur
664 3021 735 3065 esse
758 2999 935 3064 memoria'.
978 2999 1025 3064 nt
1047 3021 1120 3065 cum
1141 2999 1205 3084 ipsi

191 3087 231 3152 ad
249 3091 381 3172 portum
399 3092 436 3152 ut
453 3089 598 3172 praedixi
617 3089 864 3173 applicuissent,
887 3092 1040 3154 exeuntes
1060 3089 1098 3153 de
1116 3088 1204 3152 navi-

189 3175 252 3239 bus
277 3180 309 3241 et
333 3176 441 3241 soluto
464 3177 562 3242 naulo
585 3177 652 3242 suis
677 3198 749 3242 cum
773 3177 954 3261 gratiarum
973 3177 1101 3242 actione
1118 3176 1205 3242 vale

191 3264 340 3329 dixerunt
367 3267 524 3350 patronis.
568 3265 614 3332 Et
644 3265 783 3350 ingressi
815 3265 929 3331 urbem
956 3265 1094 3332 Romam
1123 3263 1205 3332 Ocn-

262 3462 295 3510 2⁷
316 3456 516 3528 dampnatione
534 3459 609 3514 codd.
