2654 3900
564 213 784 276 „24-

166 373 228 435 tur.
274 370 448 448 ‘Quoniam
480 392 555 435 vero
589 391 649 454 ego
682 372 827 436 sentiens
858 391 911 435 me
938 393 958 434 a
984 371 1078 436 vobis
1106 393 1182 437 con·

167 459 300 543 cepisse,
319 459 447 524 decrevi
459 461 569 543 potius
582 460 667 524 velle
686 460 721 524 in
734 460 813 524 urbe
827 459 977 523 Romana
990 460 1026 524 in
1043 482 1181 545 pauper-

165 551 233 611 tate
259 549 362 612 vitam
391 548 505 613 ducere
533 552 566 612 et
593 547 633 612 de
660 548 827 613 laboribus
854 569 1009 612 manuum
1034 570 1180 614 mearum

166 635 289 700 victum
317 657 471 720 quaerere
499 658 595 720 quam
619 637 660 700 ad
685 636 830 701 natalem
854 637 993 719 patriam
1016 637 1123 701 redire
1146 639 1181 702 et

165 723 286 788 ibidem
308 724 394 788 inter
418 724 538 788 amicos
558 729 591 789 et
608 728 705 789 notos
729 725 878 808 quamvis
897 725 968 789 sine
986 729 1209 808 paupertates

166 816 199 875 et
213 833 286 876 curn
299 813 555 877 necessariorum
571 813 764 877 sufficientia
779 815 956 896 perpetuae
969 813 1180 878 verecundiae

164 899 316 964 ruborem
353 901 522 965 sustinere.
571 901 616 965 Et
642 901 714 965 ideo
746 923 786 965 ex
817 903 895 965 tuno
926 901 1090 986 praeelegi
1125 902 1182 966 hic

164 1009 295 1052 manere
322 993 356 1052 et
377 989 484 1053 mansi
506 1010 607 1072 usque
634 989 670 1052 in
695 988 888 1054 hodiernum
911 988 997 1053 diem
1020 989 1179 1054 etlilium

164 1097 271 1148 meum
286 1075 538 1142 Constantinum
553 1077 592 1141 dc
606 1076 755 1142 manibus
770 1099 828 1142 seu
841 1076 1009 1142 laboribus
1023 1099 1178 1142 manuum

164 1186 309 1230 mearum
338 1165 480 1230 educavi.
520 1165 704 1249 Usquequo
725 1165 789 1230 duo
816 1168 1013 1230 mercatores
1036 1165 1221 1230 1111111111
1315 1189 1316 1250 p

163 1252 271 1335 ipsum
298 1253 380 1318 mihi
411 1253 525 1318 furtim
558 1253 741 1318 auferentes
769 1253 811 1317 ad
842 1254 973 1318 domum
1006 1275 1096 1318 suam
1129 1275 1178 1318 re-

163 1344 317 1424 ceperunt
354 1345 387 1407 et
423 1343 640 1407 educaverimt
672 1363 730 1426 per
761 1342 888 1425 aliquos
925 1362 1041 1426 annos,
1078 1343 1178 1407 donec

162 1429 269 1512 ipsum
302 1429 343 1493 ad
380 1452 482 1495 annos
520 1431 697 1496 iuventutis
734 1430 925 1514 perductum
962 1451 1071 1495 secum
1107 1453 1178 1514 per·

162 1516 322 1582 duxerunt
353 1518 393 1582 ad
417 1517 588 1583 Graeciam
611 1522 643 1583 et
671 1518 792 1582 ibidem
814 1518 915 1582 filium
939 1521 1085 1584 vestrum
1107 1519 1177 1585 fore

162 1604 304 1671 dicentes
336 1607 423 1671 filiae
454 1607 659 1691 imperatoris
692 1605 889 1672 Graecorum
920 1605 974 1670 hic
1011 1607 1177 1690 praesenti
1192 1623 1219 1665 15
1315 1605 1316 1630 ¹

162 1694 308 1776 copulari
339 1695 627 1760 matrimonialiter
662 1699 917 1779 procuraverunt
949 1699 983 1759 et
1018 1695 1092 1759 inde
1128 1717 1177 1760 re·

162 1782 310 1847 cedentes
342 1784 495 1868 ipsosque
523 1805 631 1849 secum
658 1787 757 1866 prout
785 1805 804 1846 a
833 1783 927 1848 vobis
954 1783 989 1846 in
1014 1783 1177 1848 mandatis

161 1891 196 1933 11
223 1871 383 1954 recepisse
411 1872 657 1937 affirmaverunt
683 1871 894 1955 perducentes
925 1893 980 1936 eos
1011 1871 1051 1935 ad
1078 1893 1177 1955 quan·

161 1957 236 2022 dam
258 1959 400 2025 insulam
423 1964 460 2024 ut
482 1960 603 2024 ibidem
625 1959 711 2024 fame
733 1959 953 2023 interficerent
971 1959 1177 2025 collocabant

160 2049 194 2110 et
220 2047 301 2129 ipsis
330 2047 563 2113 dormientibus
593 2051 626 2112 et
652 2047 879 2132 ignorantibus
902 2047 1023 2110 ibidem
1051 2048 1217 2112 1111111111
1255 2093 1259 2100 -
1315 2059 1316 2084 ³

160 2133 201 2197 ad
227 2134 367 2198 Romam
396 2156 467 2199 cum
496 2136 563 2199 suis
593 2135 730 2199 navibus
764 2134 886 2199 reversi
919 2136 1003 2200 olam
1035 2135 1176 2201 firerunt.

159 2220 328 2287 Β1111111
331 2243 381 2286 em
400 2223 605 2306 omnipotens
624 2223 680 2306 qui
697 2244 862 2306 nunquam
885 2222 1028 2287 deseruit
1047 2245 1175 2326 speran-

158 2314 209 2374 tes
246 2310 281 2373 in
318 2331 352 2374 11
390 2312 508 2394 quique
543 2307 724 2374 Susannam
757 2311 795 2374 de
827 2311 1022 2375 manibus
1012 2312 1175 2396 miquissi·

158 2419 286 2462 morum
309 2397 451 2463 iudicum
470 2402 504 2463 et
489 2396 694 2463 tDanielem
712 2397 751 2461 de
769 2397 843 2462 lacu
862 2398 993 2463 leonum
1012 2399 1176 2485 liberavit,

158 2486 271 2550 volens
298 2485 486 2551 innocentes
514 2507 723 2568 praeservare
749 2485 882 2552 iuvenes
910 2487 989 2551 fecit
1017 2451 1176 2572 quosdani
1188 2505 1215 2546 2⁵

158 2573 263 2638 bonos
285 2572 434 2639 homines
453 2595 526 2640 cum
546 2574 611 2638 suis
630 2573 769 2639 navibus
788 2573 893 2640 dictae
915 2575 1041 2640 insulae
1060 2597 1175 2660 appro-

157 2663 316 2747 pinquare
340 2666 373 2727 et
395 2684 460 2727 non
484 2662 553 2727 sine
575 2683 652 2727 suae
674 2662 898 2746 dispositionis
917 2664 1090 2728 clementia
1113 2665 1176 2729 ibi-

159 2749 233 2814 dem
255 2751 440 2834 pervenire3
463 2751 519 2835 qui
541 2750 580 2815 de
603 2749 785 2834 perditione
808 2751 954 2834 ipsorum
973 2751 1098 2816 miserti
1118 2775 1173 2818 eos

158 2837 199 2901 ad
212 2837 352 2903 Romam
365 2840 592 2922 perduxerunt.
622 2836 697 2923 Ego
717 2842 826 2903 autem
844 2840 1050 2924 paupercula,
1067 2840 1173 2906 filium

158 2947 266 2991 meum
290 2929 422 2992 omnino
450 2927 628 3011 perdidisse
652 2927 784 2992 credens
808 2927 932 2991 eteius
958 2928 1173 3011 perditionem
1186 2946 1212 2986 ³⁰
1315 2959 1316 2998 1

156 3034 214 3097 per
243 3015 348 3080 multa
375 3018 524 3100 tempora
551 3015 671 3080 deflens
694 3037 732 3080 ao
759 3015 798 3080 de
826 3015 895 3080 eius
918 3017 1173 3100 recuperatione,

157 3123 253 3187 quem
272 3104 338 3169 iam
357 3108 434 3168 tunc
452 3125 510 3188 per
530 3104 671 3188 quinque
688 3126 790 3169 annos
808 3104 1022 3189 perdideram,
1040 3107 1172 3170 omnino

157 3190 328 3275 desperata
355 3192 462 3276 ipsum
484 3213 551 3257 non
573 3193 678 3258 multo
706 3195 852 3276 tempore
876 3193 987 3278 elapso
1010 3215 1076 3258 111
1099 3213 1172 3258 cum

227 3399 425 3478 lconoepisre
443 3400 487 3467 D,
497 3399 662 3481 suscepisse
681 3400 717 3455 F.
793 3407 827 3455 14
845 3371 1231 3472 111111111111-Ι

107 3499 114 3514 ·
154 3466 342 3538 propinquare
362 3470 404 3538 F,
422 3469 611 3541 propinquare
629 3472 667 3525 D

1315 3379 1316 3398 1

1312 3417 1316 3448 i
