<?xml version="1.0" encoding="UTF-8"?>
<!DOCTYPE html PUBLIC "-//W3C//DTD XHTML 1.0 Transitional//EN"
    "http://www.w3.org/TR/xhtml1/DTD/xhtml1-transitional.dtd">
<html xmlns="http://www.w3.org/1999/xhtml" xml:lang="en" lang="en">
 <head>
  <title>
</title>
<meta http-equiv="Content-Type" content="text/html;charset=utf-8" />
  <meta name='ocr-system' content='tesseract 3.04.00' />
  <meta name='ocr-capabilities' content='ocr_page ocr_carea ocr_par ocr_line ocrx_word'/>
</head>
<body>
  <div class='ocr_page' id='page_1' title='image "./incertiauctoris01heydgoog_0024.png"; bbox 0 0 2654 3900; ppageno 0'>
   <div class='ocr_carea' id='block_1_1' title="bbox 552 252 767 320">
    <p class='ocr_par' dir='ltr' id='par_1_1' title="bbox 552 252 767 320">
     <span class='ocr_line' id='line_1_1' title="bbox 552 252 767 320; baseline 0 -18"><span class='ocrx_word' id='word_1_1' title='bbox 552 252 767 320; x_wconf 64' lang='lat'>..13-</span> 
     </span>
    </p>
   </div>
   <div class='ocr_carea' id='block_1_2' title="bbox 151 410 1165 680">
    <p class='ocr_par' dir='ltr' id='par_1_2' title="bbox 151 410 1165 680">
     <span class='ocr_line' id='line_1_2' title="bbox 153 410 1163 500; baseline -0.001 -19"><span class='ocrx_word' id='word_1_2' title='bbox 153 415 393 499; x_wconf 70' lang='lat' dir='ltr'><strong>solitudinibus,</strong></span> <span class='ocrx_word' id='word_1_3' title='bbox 413 437 511 500; x_wconf 91' lang='lat' dir='ltr'><strong>quam</strong></span> <span class='ocrx_word' id='word_1_4' title='bbox 528 415 753 480; x_wconf 77' lang='lat' dir='ltr'><strong>intermediam</strong></span> <span class='ocrx_word' id='word_1_5' title='bbox 773 415 911 480; x_wconf 86' lang='lat' dir='ltr'><strong>seientes</strong></span> <span class='ocrx_word' id='word_1_6' title='bbox 936 414 975 478; x_wconf 90' lang='lat' dir='ltr'><strong>ad</strong></span> <span class='ocrx_word' id='word_1_7' title='bbox 999 410 1163 498; x_wconf 88' lang='lat' dir='ltr'><strong>perficien-</strong></span> 
     </span>
     <span class='ocr_line' id='line_1_3' title="bbox 152 503 1164 588; baseline -0.002 -18"><span class='ocrx_word' id='word_1_8' title='bbox 152 507 226 570; x_wconf 91' lang='lat' dir='ltr'><strong>dam</strong></span> <span class='ocrx_word' id='word_1_9' title='bbox 253 527 339 572; x_wconf 88' lang='lat' dir='ltr'><strong>suae·</strong></span> <span class='ocrx_word' id='word_1_10' title='bbox 356 505 541 570; x_wconf 77' lang='lat' dir='ltr'><strong>traditionis</strong></span> <span class='ocrx_word' id='word_1_11' title='bbox 569 505 743 588; x_wconf 77' lang='lat' dir='ltr'><strong>perfidiam,</strong></span> <span class='ocrx_word' id='word_1_12' title='bbox 764 503 1023 588; x_wconf 80' lang='lat' dir='ltr'><strong>praeelegerant,</strong></span> <span class='ocrx_word' id='word_1_13' title='bbox 1050 504 1164 588; x_wconf 92' lang='lat' dir='ltr'><strong>rapido</strong></span> 
     </span>
     <span class='ocr_line' id='line_1_4' title="bbox 151 591 1165 680; baseline -0.005 -20"><span class='ocrx_word' id='word_1_14' title='bbox 151 599 249 660; x_wconf 83' lang='lat' dir='ltr'><strong>ventu</strong></span> <span class='ocrx_word' id='word_1_15' title='bbox 271 594 409 679; x_wconf 88' lang='lat' dir='ltr'><strong>provehi</strong></span> <span class='ocrx_word' id='word_1_16' title='bbox 433 597 617 680; x_wconf 87' lang='lat' dir='ltr'><strong>coegerunt.</strong></span> <span class='ocrx_word' id='word_1_17' title='bbox 662 591 806 674; x_wconf 82' lang='lat' dir='ltr'><strong>Cumque</strong></span> <span class='ocrx_word' id='word_1_18' title='bbox 831 593 1001 676; x_wconf 84' lang='lat' dir='ltr'><strong>adipeam</strong></span> <span class='ocrx_word' id='word_1_19' title='bbox 1024 593 1165 656; x_wconf 91' lang='lat' dir='ltr'><strong>insulam</strong></span> 
     </span>
    </p>
   </div>
   <div class='ocr_carea' id='block_1_3' title="bbox 109 683 1218 3351">
    <p class='ocr_par' dir='ltr' id='par_1_3' title="bbox 109 683 1218 3351">
     <span class='ocr_line' id='line_1_5' title="bbox 151 683 1166 767; baseline -0.005 -18"><span class='ocrx_word' id='word_1_20' title='bbox 151 688 346 750; x_wconf 88' lang='lat' dir='ltr'><strong>mercatores</strong></span> <span class='ocrx_word' id='word_1_21' title='bbox 374 685 530 767; x_wconf 83' lang='lat' dir='ltr'><strong>praedicti</strong></span> <span class='ocrx_word' id='word_1_22' title='bbox 565 705 637 749; x_wconf 92' lang='lat' dir='ltr'><strong>cum</strong></span> <span class='ocrx_word' id='word_1_23' title='bbox 671 683 737 747; x_wconf 90' lang='lat' dir='ltr'><strong>suis</strong></span> <span class='ocrx_word' id='word_1_24' title='bbox 767 683 905 746; x_wconf 88' lang='lat' dir='ltr'><strong>navibus</strong></span> <span class='ocrx_word' id='word_1_25' title='bbox 933 683 1166 766; x_wconf 83' lang='lat' dir='ltr'><strong>pervenissent,</strong></span> 
     </span>
     <span class='ocr_line' id='line_1_6' title="bbox 126 770 1165 859; baseline -0.004 -21"><span class='ocrx_word' id='word_1_26' title='bbox 126 787 138 826; x_wconf 85' lang='lat'>⁵</span> <span class='ocrx_word' id='word_1_27' title='bbox 153 774 295 859; x_wconf 87' lang='lat' dir='ltr'><strong>alligatis</strong></span> <span class='ocrx_word' id='word_1_28' title='bbox 309 774 447 838; x_wconf 83' lang='lat' dir='ltr'><strong>naribus</strong></span> <span class='ocrx_word' id='word_1_29' title='bbox 463 795 497 838; x_wconf 92' lang='lat' dir='ltr'><strong>se</strong></span> <span class='ocrx_word' id='word_1_30' title='bbox 515 777 708 837; x_wconf 84' lang='lat' dir='ltr'><strong>nocturnam</strong></span> <span class='ocrx_word' id='word_1_31' title='bbox 723 773 867 857; x_wconf 90' lang='lat' dir='ltr'><strong>requiem</strong></span> <span class='ocrx_word' id='word_1_32' title='bbox 885 770 1005 836; x_wconf 90' lang='lat' dir='ltr'><strong>ibidem</strong></span> <span class='ocrx_word' id='word_1_33' title='bbox 1023 771 1165 854; x_wconf 89' lang='lat' dir='ltr'><strong>recipere</strong></span> 
     </span>
     <span class='ocr_line' id='line_1_7' title="bbox 152 860 1170 926; baseline -0.003 0"><span class='ocrx_word' id='word_1_34' title='bbox 152 863 234 926; x_wconf 86' lang='lat' dir='ltr'><strong>velle</strong></span> <span class='ocrx_word' id='word_1_35' title='bbox 259 863 485 926; x_wconf 84' lang='lat' dir='ltr'><strong>confinxerunt</strong></span> <span class='ocrx_word' id='word_1_36' title='bbox 507 867 540 926; x_wconf 91' lang='lat' dir='ltr'><strong>et</strong></span> <span class='ocrx_word' id='word_1_37' title='bbox 562 865 714 926; x_wconf 87' lang='lat' dir='ltr'><strong>exeuntes</strong></span> <span class='ocrx_word' id='word_1_38' title='bbox 738 862 777 926; x_wconf 92' lang='lat' dir='ltr'><strong>de</strong></span> <span class='ocrx_word' id='word_1_39' title='bbox 799 862 937 926; x_wconf 87' lang='lat' dir='ltr'><strong>navibus</strong></span> <span class='ocrx_word' id='word_1_40' title='bbox 961 860 1083 925; x_wconf 82' lang='lat' dir='ltr'><strong>cibaria</strong></span> <span class='ocrx_word' id='word_1_41' title='bbox 1108 882 1170 924; x_wconf 85' lang='lat' dir='ltr'><strong>sua</strong></span> 
     </span>
     <span class='ocr_line' id='line_1_8' title="bbox 153 948 1167 1035; baseline 0 -22"><span class='ocrx_word' id='word_1_42' title='bbox 153 972 212 1034; x_wconf 92' lang='lat' dir='ltr'><strong>pro</strong></span> <span class='ocrx_word' id='word_1_43' title='bbox 241 972 320 1014; x_wconf 90' lang='lat' dir='ltr'><strong>cena</strong></span> <span class='ocrx_word' id='word_1_44' title='bbox 348 951 383 1014; x_wconf 90' lang='lat' dir='ltr'><strong>in</strong></span> <span class='ocrx_word' id='word_1_45' title='bbox 411 951 515 1035; x_wconf 86' lang='lat' dir='ltr'><strong>ipsam</strong></span> <span class='ocrx_word' id='word_1_46' title='bbox 529 951 682 1015; x_wconf 81' lang='lat' dir='ltr'><strong>insulam</strong></span> <span class='ocrx_word' id='word_1_47' title='bbox 705 971 899 1035; x_wconf 88' lang='lat' dir='ltr'><strong>praeparare</strong></span> <span class='ocrx_word' id='word_1_48' title='bbox 922 950 1076 1014; x_wconf 87' lang='lat' dir='ltr'><strong>fecerunt.</strong></span> <span class='ocrx_word' id='word_1_49' title='bbox 1121 948 1167 1013; x_wconf 85' lang='lat' dir='ltr'><strong>Et</strong></span> 
     </span>
     <span class='ocr_line' id='line_1_9' title="bbox 154 1039 1165 1124; baseline -0.002 -20"><span class='ocrx_word' id='word_1_50' title='bbox 154 1061 233 1104; x_wconf 91' lang='lat' dir='ltr'><strong>cena</strong></span> <span class='ocrx_word' id='word_1_51' title='bbox 269 1039 358 1104; x_wconf 87' lang='lat' dir='ltr'><strong>facta</strong></span> <span class='ocrx_word' id='word_1_52' title='bbox 394 1040 562 1124; x_wconf 90' lang='lat' dir='ltr'><strong>noctisque</strong></span> <span class='ocrx_word' id='word_1_53' title='bbox 594 1041 736 1104; x_wconf 90' lang='lat' dir='ltr'><strong>tenebris</strong></span> <span class='ocrx_word' id='word_1_54' title='bbox 770 1041 849 1105; x_wconf 78' lang='lat' dir='ltr'><strong>lucis</strong></span> <span class='ocrx_word' id='word_1_55' title='bbox 883 1039 946 1103; x_wconf 90' lang='lat' dir='ltr'><strong>diei</strong></span> <span class='ocrx_word' id='word_1_56' title='bbox 983 1039 1165 1104; x_wconf 89' lang='lat' dir='ltr'><strong>claritatem</strong></span> 
     </span>
     <span class='ocr_line' id='line_1_10' title="bbox 153 1128 1165 1212; baseline -0.001 -20"><span class='ocrx_word' id='word_1_57' title='bbox 153 1128 423 1194; x_wconf 85' lang='lat' dir='ltr'><strong>obumbrantibus</strong></span> <span class='ocrx_word' id='word_1_58' title='bbox 455 1133 649 1193; x_wconf 82' lang='lat' dir='ltr'><strong>mercatores</strong></span> <span class='ocrx_word' id='word_1_59' title='bbox 681 1129 815 1212; x_wconf 89' lang='lat' dir='ltr'><strong>pessimi</strong></span> <span class='ocrx_word' id='word_1_60' title='bbox 847 1128 1060 1193; x_wconf 88' lang='lat' dir='ltr'><strong>nobilissimis</strong></span> <span class='ocrx_word' id='word_1_61' title='bbox 1090 1150 1165 1193; x_wconf 93' lang='lat' dir='ltr'><strong>con-</strong></span> 
     </span>
     <span class='ocr_line' id='line_1_11' title="bbox 112 1217 1165 1302; baseline -0.001 -20"><span class='ocrx_word' id='word_1_62' title='bbox 112 1232 138 1271; x_wconf 86' lang='lat'><strong>10</strong></span> <span class='ocrx_word' id='word_1_63' title='bbox 152 1219 282 1302; x_wconf 87' lang='lat' dir='ltr'><strong>iugibus</strong></span> <span class='ocrx_word' id='word_1_64' title='bbox 305 1219 483 1283; x_wconf 90' lang='lat' dir='ltr'><strong>tentorium</strong></span> <span class='ocrx_word' id='word_1_65' title='bbox 510 1217 633 1302; x_wconf 89' lang='lat' dir='ltr'><strong>fingere</strong></span> <span class='ocrx_word' id='word_1_66' title='bbox 662 1222 694 1281; x_wconf 92' lang='lat' dir='ltr'><strong>et</strong></span> <span class='ocrx_word' id='word_1_67' title='bbox 721 1219 756 1281; x_wconf 92' lang='lat' dir='ltr'><strong>in</strong></span> <span class='ocrx_word' id='word_1_68' title='bbox 780 1240 817 1282; x_wconf 91' lang='lat' dir='ltr'><strong>co</strong></span> <span class='ocrx_word' id='word_1_69' title='bbox 839 1218 1020 1282; x_wconf 86' lang='lat' dir='ltr'><strong>thalamum</strong></span> <span class='ocrx_word' id='word_1_70' title='bbox 1043 1217 1078 1281; x_wconf 93' lang='lat' dir='ltr'><strong>in</strong></span> <span class='ocrx_word' id='word_1_71' title='bbox 1102 1240 1165 1301; x_wconf 89' lang='lat' dir='ltr'><strong>quo</strong></span> 
     </span>
     <span class='ocr_line' id='line_1_12' title="bbox 152 1305 1165 1392; baseline 0 -22"><span class='ocrx_word' id='word_1_72' title='bbox 152 1307 257 1370; x_wconf 91' lang='lat' dir='ltr'><strong>noctis</strong></span> <span class='ocrx_word' id='word_1_73' title='bbox 286 1309 430 1392; x_wconf 90' lang='lat' dir='ltr'><strong>requiem</strong></span> <span class='ocrx_word' id='word_1_74' title='bbox 461 1327 616 1392; x_wconf 84' lang='lat' dir='ltr'><strong>peragere</strong></span> <span class='ocrx_word' id='word_1_75' title='bbox 646 1306 801 1372; x_wconf 91' lang='lat' dir='ltr'><strong>deberent</strong></span> <span class='ocrx_word' id='word_1_76' title='bbox 830 1307 900 1370; x_wconf 88' lang='lat' dir='ltr'><strong>fieri</strong></span> <span class='ocrx_word' id='word_1_77' title='bbox 930 1305 1044 1371; x_wconf 88' lang='lat' dir='ltr'><strong>callide</strong></span> <span class='ocrx_word' id='word_1_78' title='bbox 1074 1329 1165 1370; x_wconf 90' lang='lat' dir='ltr'><strong>man·</strong></span> 
     </span>
     <span class='ocr_line' id='line_1_13' title="bbox 152 1395 318 1460; baseline 0.012 -2"><span class='ocrx_word' id='word_1_79' title='bbox 152 1395 318 1460; x_wconf 87' lang='lat' dir='ltr'><strong>daverunt.</strong></span> 
     </span>
     <span class='ocr_line' id='line_1_14' title="bbox 240 1483 1218 1570; baseline 0 -22"><span class='ocrx_word' id='word_1_80' title='bbox 240 1483 342 1549; x_wconf 87' lang='lat' dir='ltr'><strong>Facta</strong></span> <span class='ocrx_word' id='word_1_81' title='bbox 361 1487 469 1549; x_wconf 91' lang='lat' dir='ltr'><strong>autem</strong></span> <span class='ocrx_word' id='word_1_82' title='bbox 487 1488 582 1550; x_wconf 90' lang='lat' dir='ltr'><strong>nocte</strong></span> <span class='ocrx_word' id='word_1_83' title='bbox 602 1484 681 1549; x_wconf 90' lang='lat' dir='ltr'><strong>dicti</strong></span> <span class='ocrx_word' id='word_1_84' title='bbox 700 1485 853 1570; x_wconf 84' lang='lat' dir='ltr'><strong>coniuges</strong></span> <span class='ocrx_word' id='word_1_85' title='bbox 870 1506 905 1548; x_wconf 88' lang='lat' dir='ltr'><strong>se</strong></span> <span class='ocrx_word' id='word_1_86' title='bbox 924 1485 964 1549; x_wconf 88' lang='lat' dir='ltr'><strong>ad</strong></span> <span class='ocrx_word' id='word_1_87' title='bbox 983 1484 1164 1549; x_wconf 90' lang='lat' dir='ltr'><strong>thalamum</strong></span> <span class='ocrx_word' id='word_1_88' title='bbox 1175 1485 1218 1548; x_wconf 83' lang='lat'><strong>20</strong></span> 
     </span>
     <span class='ocr_line' id='line_1_15' title="bbox 151 1573 1165 1658; baseline 0.002 -22"><span class='ocrx_word' id='word_1_89' title='bbox 151 1573 257 1656; x_wconf 85' lang='lat' dir='ltr'><strong>ipsum</strong></span> <span class='ocrx_word' id='word_1_90' title='bbox 287 1574 327 1638; x_wconf 90' lang='lat' dir='ltr'><strong>iis</strong></span> <span class='ocrx_word' id='word_1_91' title='bbox 356 1596 423 1639; x_wconf 92' lang='lat' dir='ltr'><strong>non</strong></span> <span class='ocrx_word' id='word_1_92' title='bbox 456 1573 498 1638; x_wconf 93' lang='lat' dir='ltr'><strong>ad</strong></span> <span class='ocrx_word' id='word_1_93' title='bbox 527 1575 672 1658; x_wconf 88' lang='lat' dir='ltr'><strong>requiem</strong></span> <span class='ocrx_word' id='word_1_94' title='bbox 703 1575 760 1638; x_wconf 89' lang='lat' dir='ltr'><strong>sed</strong></span> <span class='ocrx_word' id='word_1_95' title='bbox 791 1574 831 1638; x_wconf 90' lang='lat' dir='ltr'><strong>ad</strong></span> <span class='ocrx_word' id='word_1_96' title='bbox 860 1574 1053 1658; x_wconf 89' lang='lat' dir='ltr'><strong>perditionis</strong></span> <span class='ocrx_word' id='word_1_97' title='bbox 1087 1595 1165 1638; x_wconf 87' lang='lat' dir='ltr'><strong>suae</strong></span> 
     </span>
     <span class='ocr_line' id='line_1_16' title="bbox 111 1663 1165 1746; baseline 0 -20"><span class='ocrx_word' id='word_1_98' title='bbox 111 1675 136 1714; x_wconf 83' lang='lat'><strong>1⁵</strong></span> <span class='ocrx_word' id='word_1_99' title='bbox 151 1663 271 1727; x_wconf 92' lang='lat' dir='ltr'><strong>dudum</strong></span> <span class='ocrx_word' id='word_1_100' title='bbox 304 1663 551 1746; x_wconf 88' lang='lat' dir='ltr'><strong>praeordinatae</strong></span> <span class='ocrx_word' id='word_1_101' title='bbox 585 1663 752 1728; x_wconf 89' lang='lat' dir='ltr'><strong>interitum</strong></span> <span class='ocrx_word' id='word_1_102' title='bbox 780 1667 930 1746; x_wconf 90' lang='lat' dir='ltr'><strong>paratum</strong></span> <span class='ocrx_word' id='word_1_103' title='bbox 962 1663 1165 1728; x_wconf 88' lang='lat' dir='ltr'><strong>intraverunt</strong></span> 
     </span>
     <span class='ocr_line' id='line_1_17' title="bbox 151 1751 1163 1836; baseline 0.002 -22"><span class='ocrx_word' id='word_1_104' title='bbox 151 1755 184 1814; x_wconf 91' lang='lat' dir='ltr'><strong>et</strong></span> <span class='ocrx_word' id='word_1_105' title='bbox 211 1751 246 1815; x_wconf 92' lang='lat' dir='ltr'><strong>in</strong></span> <span class='ocrx_word' id='word_1_106' title='bbox 274 1751 346 1834; x_wconf 90' lang='lat' dir='ltr'><strong>ipso</strong></span> <span class='ocrx_word' id='word_1_107' title='bbox 375 1752 480 1815; x_wconf 89' lang='lat' dir='ltr'><strong>omnis</strong></span> <span class='ocrx_word' id='word_1_108' title='bbox 507 1752 632 1818; x_wconf 86' lang='lat' dir='ltr'><strong>fraudis</strong></span> <span class='ocrx_word' id='word_1_109' title='bbox 661 1756 694 1816; x_wconf 91' lang='lat' dir='ltr'><strong>et</strong></span> <span class='ocrx_word' id='word_1_110' title='bbox 723 1753 887 1836; x_wconf 89' lang='lat' dir='ltr'><strong>nequitiae</strong></span> <span class='ocrx_word' id='word_1_111' title='bbox 910 1773 992 1836; x_wconf 90' lang='lat' dir='ltr'><strong>quae</strong></span> <span class='ocrx_word' id='word_1_112' title='bbox 1021 1752 1163 1835; x_wconf 89' lang='lat' dir='ltr'><strong>deipsis</strong></span> 
     </span>
     <span class='ocr_line' id='line_1_18' title="bbox 152 1839 1165 1907; baseline 0.002 -5"><span class='ocrx_word' id='word_1_113' title='bbox 152 1840 353 1904; x_wconf 89' lang='lat' dir='ltr'><strong>tractabatur</strong></span> <span class='ocrx_word' id='word_1_114' title='bbox 381 1839 475 1904; x_wconf 89' lang='lat' dir='ltr'><strong>inscii</strong></span> <span class='ocrx_word' id='word_1_115' title='bbox 503 1843 609 1906; x_wconf 90' lang='lat' dir='ltr'><strong>totam</strong></span> <span class='ocrx_word' id='word_1_116' title='bbox 633 1845 762 1907; x_wconf 88' lang='lat' dir='ltr'><strong>noctem</strong></span> <span class='ocrx_word' id='word_1_117' title='bbox 790 1842 825 1906; x_wconf 93' lang='lat' dir='ltr'><strong>in</strong></span> <span class='ocrx_word' id='word_1_118' title='bbox 848 1842 978 1907; x_wconf 90' lang='lat' dir='ltr'><strong>solaciis</strong></span> <span class='ocrx_word' id='word_1_119' title='bbox 1003 1841 1108 1906; x_wconf 90' lang='lat' dir='ltr'><strong>solitis</strong></span> <span class='ocrx_word' id='word_1_120' title='bbox 1132 1844 1165 1904; x_wconf 90' lang='lat' dir='ltr'><strong>et</strong></span> 
     </span>
     <span class='ocr_line' id='line_1_19' title="bbox 150 1928 1163 2015; baseline 0.003 -24"><span class='ocrx_word' id='word_1_121' title='bbox 150 1928 259 2013; x_wconf 91' lang='lat' dir='ltr'><strong>requie</strong></span> <span class='ocrx_word' id='word_1_122' title='bbox 278 1928 508 2013; x_wconf 86' lang='lat' dir='ltr'><strong>expenderunt.</strong></span> <span class='ocrx_word' id='word_1_123' title='bbox 544 1929 673 1995; x_wconf 86' lang='lat' dir='ltr'><strong>Aurora</strong></span> <span class='ocrx_word' id='word_1_124' title='bbox 692 1931 801 1995; x_wconf 86' lang='lat' dir='ltr'><strong>aute&#39;nr</strong></span> <span class='ocrx_word' id='word_1_125' title='bbox 820 1936 928 1996; x_wconf 91' lang='lat' dir='ltr'><strong>ortum</strong></span> <span class='ocrx_word' id='word_1_126' title='bbox 946 1930 1010 1994; x_wconf 91' lang='lat' dir='ltr'><strong>diei</strong></span> <span class='ocrx_word' id='word_1_127' title='bbox 1030 1951 1163 2015; x_wconf 87' lang='lat' dir='ltr'><strong>sequen·</strong></span> 
     </span>
     <span class='ocr_line' id='line_1_20' title="bbox 150 2017 1164 2105; baseline 0.002 -25"><span class='ocrx_word' id='word_1_128' title='bbox 150 2017 194 2082; x_wconf 92' lang='lat' dir='ltr'><strong>tis</strong></span> <span class='ocrx_word' id='word_1_129' title='bbox 217 2017 382 2082; x_wconf 88' lang='lat' dir='ltr'><strong>indicante</strong></span> <span class='ocrx_word' id='word_1_130' title='bbox 405 2022 599 2083; x_wconf 89' lang='lat' dir='ltr'><strong>mercatores</strong></span> <span class='ocrx_word' id='word_1_131' title='bbox 623 2020 779 2102; x_wconf 88' lang='lat' dir='ltr'><strong>praedicti</strong></span> <span class='ocrx_word' id='word_1_132' title='bbox 798 2025 919 2085; x_wconf 90' lang='lat' dir='ltr'><strong>secrete</strong></span> <span class='ocrx_word' id='word_1_133' title='bbox 939 2023 1107 2105; x_wconf 81' lang='lat' dir='ltr'><strong>surgentes</strong></span> <span class='ocrx_word' id='word_1_134' title='bbox 1131 2022 1164 2083; x_wconf 90' lang='lat' dir='ltr'><strong>et</strong></span> 
     </span>
     <span class='ocr_line' id='line_1_21' title="bbox 111 2107 1163 2193; baseline 0 -21"><span class='ocrx_word' id='word_1_135' title='bbox 111 2121 138 2160; x_wconf 78' lang='lat'><strong>2⁰</strong></span> <span class='ocrx_word' id='word_1_136' title='bbox 151 2107 332 2191; x_wconf 88' lang='lat' dir='ltr'><strong>cogitatum</strong></span> <span class='ocrx_word' id='word_1_137' title='bbox 356 2129 450 2171; x_wconf 90' lang='lat' dir='ltr'><strong>suum</strong></span> <span class='ocrx_word' id='word_1_138' title='bbox 472 2107 653 2193; x_wconf 83' lang='lat' dir='ltr'><strong>malignum</strong></span> <span class='ocrx_word' id='word_1_139' title='bbox 681 2108 722 2172; x_wconf 90' lang='lat' dir='ltr'><strong>ad</strong></span> <span class='ocrx_word' id='word_1_140' title='bbox 750 2109 897 2173; x_wconf 85' lang='lat' dir='ltr'><strong>effectum</strong></span> <span class='ocrx_word' id='word_1_141' title='bbox 919 2109 1091 2193; x_wconf 85' lang='lat' dir='ltr'><strong>perducere</strong></span> <span class='ocrx_word' id='word_1_142' title='bbox 1114 2131 1163 2172; x_wconf 90' lang='lat' dir='ltr'><strong>sa-</strong></span> 
     </span>
     <span class='ocr_line' id='line_1_22' title="bbox 151 2195 1163 2282; baseline 0.002 -23"><span class='ocrx_word' id='word_1_143' title='bbox 151 2199 301 2280; x_wconf 89' lang='lat' dir='ltr'><strong>tagentes</strong></span> <span class='ocrx_word' id='word_1_144' title='bbox 325 2217 425 2260; x_wconf 87' lang='lat' dir='ltr'><strong>naves</strong></span> <span class='ocrx_word' id='word_1_145' title='bbox 449 2195 607 2262; x_wconf 89' lang='lat' dir='ltr'><strong>intrantes</strong></span> <span class='ocrx_word' id='word_1_146' title='bbox 630 2197 772 2263; x_wconf 89' lang='lat' dir='ltr'><strong>dimissis</strong></span> <span class='ocrx_word' id='word_1_147' title='bbox 795 2202 871 2282; x_wconf 92' lang='lat' dir='ltr'><strong>post</strong></span> <span class='ocrx_word' id='word_1_148' title='bbox 894 2219 928 2263; x_wconf 90' lang='lat' dir='ltr'><strong>se</strong></span> <span class='ocrx_word' id='word_1_149' title='bbox 951 2198 1163 2262; x_wconf 89' lang='lat' dir='ltr'><strong>nobilissimis</strong></span> 
     </span>
     <span class='ocr_line' id='line_1_23' title="bbox 151 2284 1165 2371; baseline -0.001 -21"><span class='ocrx_word' id='word_1_150' title='bbox 151 2284 352 2370; x_wconf 77' lang='lat' dir='ltr'><strong>coniugibus</strong></span> <span class='ocrx_word' id='word_1_151' title='bbox 373 2284 478 2350; x_wconf 88' lang='lat' dir='ltr'><strong>adhuc</strong></span> <span class='ocrx_word' id='word_1_152' title='bbox 508 2307 624 2370; x_wconf 89' lang='lat' dir='ltr'><strong>sopore</strong></span> <span class='ocrx_word' id='word_1_153' title='bbox 654 2287 812 2371; x_wconf 86' lang='lat' dir='ltr'><strong>depressis</strong></span> <span class='ocrx_word' id='word_1_154' title='bbox 843 2287 960 2351; x_wconf 90' lang='lat' dir='ltr'><strong>abinde</strong></span> <span class='ocrx_word' id='word_1_155' title='bbox 989 2286 1103 2350; x_wconf 86' lang='lat' dir='ltr'><strong>furtim</strong></span> <span class='ocrx_word' id='word_1_156' title='bbox 1131 2290 1165 2351; x_wconf 94' lang='lat' dir='ltr'><strong>et</strong></span> 
     </span>
     <span class='ocr_line' id='line_1_24' title="bbox 151 2373 1163 2460; baseline 0.001 -22"><span class='ocrx_word' id='word_1_157' title='bbox 151 2373 297 2438; x_wconf 88' lang='lat' dir='ltr'><strong>celeriter</strong></span> <span class='ocrx_word' id='word_1_158' title='bbox 326 2374 479 2459; x_wconf 87' lang='lat' dir='ltr'><strong>navigare</strong></span> <span class='ocrx_word' id='word_1_159' title='bbox 503 2380 679 2459; x_wconf 90' lang='lat' dir='ltr'><strong>coeperunt</strong></span> <span class='ocrx_word' id='word_1_160' title='bbox 700 2375 828 2440; x_wconf 87' lang='lat' dir='ltr'><strong>familia</strong></span> <span class='ocrx_word' id='word_1_161' title='bbox 856 2375 1052 2459; x_wconf 87' lang='lat' dir='ltr'><strong>interempta</strong></span> <span class='ocrx_word' id='word_1_162' title='bbox 1075 2375 1163 2460; x_wconf 83' lang='lat' dir='ltr'><strong>cogi·</strong></span> 
     </span>
     <span class='ocr_line' id='line_1_25' title="bbox 150 2463 1162 2550; baseline 0.002 -24"><span class='ocrx_word' id='word_1_163' title='bbox 150 2466 258 2527; x_wconf 81' lang='lat' dir='ltr'><strong>tantas</strong></span> <span class='ocrx_word' id='word_1_164' title='bbox 290 2464 336 2527; x_wconf 90' lang='lat' dir='ltr'><strong>sic</strong></span> <span class='ocrx_word' id='word_1_165' title='bbox 365 2464 463 2527; x_wconf 91' lang='lat' dir='ltr'><strong>etiam</strong></span> <span class='ocrx_word' id='word_1_166' title='bbox 491 2463 683 2530; x_wconf 86' lang='lat' dir='ltr'><strong>innocentes</strong></span> <span class='ocrx_word' id='word_1_167' title='bbox 716 2464 848 2548; x_wconf 90' lang='lat' dir='ltr'><strong>perdere</strong></span> <span class='ocrx_word' id='word_1_168' title='bbox 883 2465 1052 2550; x_wconf 83' lang='lat' dir='ltr'><strong>coniuges,</strong></span> <span class='ocrx_word' id='word_1_169' title='bbox 1082 2485 1162 2548; x_wconf 90' lang='lat' dir='ltr'><strong>quos</strong></span> 
     </span>
     <span class='ocr_line' id='line_1_26' title="bbox 110 2550 1162 2638; baseline 0.002 -23"><span class='ocrx_word' id='word_1_170' title='bbox 110 2565 136 2604; x_wconf 76' lang='lat'><strong>2⁵</strong></span> <span class='ocrx_word' id='word_1_171' title='bbox 152 2550 230 2616; x_wconf 86' lang='lat' dir='ltr'><strong>deus</strong></span> <span class='ocrx_word' id='word_1_172' title='bbox 252 2551 539 2634; x_wconf 86' lang='lat' dir='ltr'><strong>praeordinaverat</strong></span> <span class='ocrx_word' id='word_1_173' title='bbox 561 2554 602 2618; x_wconf 91' lang='lat' dir='ltr'><strong>ad</strong></span> <span class='ocrx_word' id='word_1_174' title='bbox 626 2553 834 2621; x_wconf 86' lang='lat' dir='ltr'><strong>obtinendum</strong></span> <span class='ocrx_word' id='word_1_175' title='bbox 855 2558 889 2617; x_wconf 89' lang='lat' dir='ltr'><strong>et</strong></span> <span class='ocrx_word' id='word_1_176' title='bbox 906 2553 1082 2638; x_wconf 85' lang='lat' dir='ltr'><strong>regendum</strong></span> <span class='ocrx_word' id='word_1_177' title='bbox 1102 2575 1162 2637; x_wconf 93' lang='lat' dir='ltr'><strong>pro</strong></span> 
     </span>
     <span class='ocr_line' id='line_1_27' title="bbox 149 2640 1162 2726; baseline 0.001 -22"><span class='ocrx_word' id='word_1_178' title='bbox 149 2640 260 2705; x_wconf 84' lang='lat' dir='ltr'><strong>futura</strong></span> <span class='ocrx_word' id='word_1_179' title='bbox 291 2640 443 2706; x_wconf 86' lang='lat' dir='ltr'><strong>ecclesiae</strong></span> <span class='ocrx_word' id='word_1_180' title='bbox 475 2664 614 2726; x_wconf 90' lang='lat' dir='ltr'><strong>sponsae</strong></span> <span class='ocrx_word' id='word_1_181' title='bbox 647 2664 723 2707; x_wconf 88' lang='lat' dir='ltr'><strong>suae</strong></span> <span class='ocrx_word' id='word_1_182' title='bbox 757 2644 860 2707; x_wconf 90' lang='lat' dir='ltr'><strong>salute</strong></span> <span class='ocrx_word' id='word_1_183' title='bbox 896 2643 998 2707; x_wconf 89' lang='lat' dir='ltr'><strong>totius</strong></span> <span class='ocrx_word' id='word_1_184' title='bbox 1034 2643 1162 2726; x_wconf 90' lang='lat' dir='ltr'><strong>imperii</strong></span> 
     </span>
     <span class='ocr_line' id='line_1_28' title="bbox 149 2730 375 2814; baseline 0.004 -20"><span class='ocrx_word' id='word_1_185' title='bbox 149 2730 375 2814; x_wconf 89' lang='lat' dir='ltr'><strong>principatum.</strong></span> 
     </span>
     <span class='ocr_line' id='line_1_29' title="bbox 237 2819 1212 2906; baseline 0.001 -24"><span class='ocrx_word' id='word_1_186' title='bbox 237 2819 333 2885; x_wconf 89' lang='lat' dir='ltr'><strong>Mane</strong></span> <span class='ocrx_word' id='word_1_187' title='bbox 356 2823 465 2884; x_wconf 89' lang='lat' dir='ltr'><strong>autem</strong></span> <span class='ocrx_word' id='word_1_188' title='bbox 482 2820 570 2886; x_wconf 86' lang='lat' dir='ltr'><strong>facto</strong></span> <span class='ocrx_word' id='word_1_189' title='bbox 591 2821 744 2906; x_wconf 84' lang='lat' dir='ltr'><strong>coniuges</strong></span> <span class='ocrx_word' id='word_1_190' title='bbox 763 2821 827 2904; x_wconf 90' lang='lat' dir='ltr'><strong>ipsi</strong></span> <span class='ocrx_word' id='word_1_191' title='bbox 845 2821 1036 2905; x_wconf 87' lang='lat' dir='ltr'><strong>evigilantes</strong></span> <span class='ocrx_word' id='word_1_192' title='bbox 1055 2821 1163 2904; x_wconf 89' lang='lat' dir='ltr'><strong>coepit</strong></span> <span class='ocrx_word' id='word_1_193' title='bbox 1173 2821 1212 2884; x_wconf 84' lang='lat'><strong>21</strong></span> 
     </span>
     <span class='ocr_line' id='line_1_30' title="bbox 151 2908 1161 2995; baseline 0.003 -24"><span class='ocrx_word' id='word_1_194' title='bbox 151 2928 270 2991; x_wconf 90' lang='lat' dir='ltr'><strong>sponsa</strong></span> <span class='ocrx_word' id='word_1_195' title='bbox 288 2908 393 2972; x_wconf 86' lang='lat' dir='ltr'><strong>dicere</strong></span> <span class='ocrx_word' id='word_1_196' title='bbox 412 2931 531 2993; x_wconf 87' lang='lat' dir='ltr'><strong>sponso</strong></span> <span class='ocrx_word' id='word_1_197' title='bbox 551 2931 625 2974; x_wconf 90' lang='lat' dir='ltr'><strong>suo:</strong></span> <span class='ocrx_word' id='word_1_198' title='bbox 646 2909 828 2995; x_wconf 72' lang='lat' dir='ltr'><strong>‘surgamus</strong></span> <span class='ocrx_word' id='word_1_199' title='bbox 846 2933 886 2974; x_wconf 93' lang='lat' dir='ltr'><strong>ne</strong></span> <span class='ocrx_word' id='word_1_200' title='bbox 906 2910 934 2974; x_wconf 91' lang='lat' dir='ltr'><strong>si</strong></span> <span class='ocrx_word' id='word_1_201' title='bbox 951 2911 1037 2974; x_wconf 86' lang='lat' dir='ltr'><strong>forte</strong></span> <span class='ocrx_word' id='word_1_202' title='bbox 1051 2931 1161 2993; x_wconf 88' lang='lat' dir='ltr'><strong>super-</strong></span> 
     </span>
     <span class='ocr_line' id='line_1_31' title="bbox 109 2996 1160 3083; baseline 0.002 -22"><span class='ocrx_word' id='word_1_203' title='bbox 109 3013 136 3052; x_wconf 75' lang='lat'><strong>80</strong></span> <span class='ocrx_word' id='word_1_204' title='bbox 149 2996 284 3061; x_wconf 85' lang='lat' dir='ltr'><strong>veniant</strong></span> <span class='ocrx_word' id='word_1_205' title='bbox 309 3000 504 3064; x_wconf 85' lang='lat' dir='ltr'><strong>mercatores</strong></span> <span class='ocrx_word' id='word_1_206' title='bbox 532 2999 683 3083; x_wconf 87' lang='lat' dir='ltr'><strong>magistri</strong></span> <span class='ocrx_word' id='word_1_207' title='bbox 710 3000 815 3064; x_wconf 89' lang='lat' dir='ltr'><strong>nostri</strong></span> <span class='ocrx_word' id='word_1_208' title='bbox 843 3003 876 3064; x_wconf 91' lang='lat' dir='ltr'><strong>et</strong></span> <span class='ocrx_word' id='word_1_209' title='bbox 901 2998 1070 3063; x_wconf 83' lang='lat' dir='ltr'><strong>inveniant</strong></span> <span class='ocrx_word' id='word_1_210' title='bbox 1099 3021 1160 3065; x_wconf 91' lang='lat' dir='ltr'><strong>nos</strong></span> 
     </span>
     <span class='ocr_line' id='line_1_32' title="bbox 148 3085 1161 3172; baseline 0.004 -24"><span class='ocrx_word' id='word_1_211' title='bbox 148 3085 263 3169; x_wconf 86' lang='lat' dir='ltr'><strong>nudos,</strong></span> <span class='ocrx_word' id='word_1_212' title='bbox 283 3106 323 3149; x_wconf 87' lang='lat' dir='ltr'><strong>ex</strong></span> <span class='ocrx_word' id='word_1_213' title='bbox 341 3108 404 3170; x_wconf 92' lang='lat' dir='ltr'><strong>quo</strong></span> <span class='ocrx_word' id='word_1_214' title='bbox 423 3088 649 3152; x_wconf 83' lang='lat' dir='ltr'><strong>verecundiam</strong></span> <span class='ocrx_word' id='word_1_215' title='bbox 667 3089 858 3172; x_wconf 87' lang='lat' dir='ltr'><strong>recipiemus</strong></span> <span class='ocrx_word' id='word_1_216' title='bbox 878 3109 960 3170; x_wconf 88' lang='lat' dir='ltr'><strong>quaa</strong></span> <span class='ocrx_word' id='word_1_217' title='bbox 978 3109 1044 3152; x_wconf 88' lang='lat' dir='ltr'><strong>non</strong></span> <span class='ocrx_word' id='word_1_218' title='bbox 1062 3087 1161 3152; x_wconf 87' lang='lat' dir='ltr'><strong>licet&#39;.</strong></span> 
     </span>
     <span class='ocr_line' id='line_1_33' title="bbox 149 3171 1160 3261; baseline 0.004 -24"><span class='ocrx_word' id='word_1_219' title='bbox 149 3172 200 3238; x_wconf 86' lang='lat' dir='ltr'><strong>Ad</strong></span> <span class='ocrx_word' id='word_1_220' title='bbox 219 3196 302 3259; x_wconf 88' lang='lat' dir='ltr'><strong>quae</strong></span> <span class='ocrx_word' id='word_1_221' title='bbox 316 3171 549 3242; x_wconf 78' lang='lat' dir='ltr'><strong>Constantinus</strong></span> <span class='ocrx_word' id='word_1_222' title='bbox 569 3177 767 3261; x_wconf 89' lang='lat' dir='ltr'><strong>respondens</strong></span> <span class='ocrx_word' id='word_1_223' title='bbox 786 3177 848 3242; x_wconf 89' lang='lat' dir='ltr'><strong>ait:</strong></span> <span class='ocrx_word' id='word_1_224' title='bbox 869 3175 1080 3241; x_wconf 73' lang='lat' dir='ltr'><strong>‘Permittetis</strong></span> <span class='ocrx_word' id='word_1_225' title='bbox 1100 3197 1160 3241; x_wconf 90' lang='lat' dir='ltr'><strong>nos</strong></span> 
     </span>
     <span class='ocr_line' id='line_1_34' title="bbox 149 3263 1159 3351; baseline 0.004 -25"><span class='ocrx_word' id='word_1_226' title='bbox 149 3263 325 3348; x_wconf 88' lang='lat' dir='ltr'><strong>quiescere;</strong></span> <span class='ocrx_word' id='word_1_227' title='bbox 353 3264 418 3347; x_wconf 90' lang='lat' dir='ltr'><strong>ipsi</strong></span> <span class='ocrx_word' id='word_1_228' title='bbox 440 3266 526 3331; x_wconf 92' lang='lat' dir='ltr'><strong>enim</strong></span> <span class='ocrx_word' id='word_1_229' title='bbox 548 3289 606 3351; x_wconf 93' lang='lat' dir='ltr'><strong>per</strong></span> <span class='ocrx_word' id='word_1_230' title='bbox 630 3266 787 3331; x_wconf 84' lang='lat' dir='ltr'><strong>familiam</strong></span> <span class='ocrx_word' id='word_1_231' title='bbox 811 3267 999 3350; x_wconf 87' lang='lat' dir='ltr'><strong>deputatam</strong></span> <span class='ocrx_word' id='word_1_232' title='bbox 1023 3287 1081 3330; x_wconf 88' lang='lat' dir='ltr'><strong>nos</strong></span> <span class='ocrx_word' id='word_1_233' title='bbox 1106 3287 1159 3331; x_wconf 87' lang='lat' dir='ltr'><strong>ex-</strong></span> 
     </span>
    </p>
   </div>
   <div class='ocr_carea' id='block_1_4' title="bbox 149 3407 361 3418">
    <p class='ocr_par' dir='ltr' id='par_1_4' title="bbox 149 3407 361 3418">
     <span class='ocr_line' id='line_1_35' title="bbox 149 3407 361 3418; baseline 0.009 -4"><span class='ocrx_word' id='word_1_234' title='bbox 149 3407 361 3418; x_wconf 79' lang='grc'><em>---.-,.-</em></span> 
     </span>
    </p>
   </div>
   <div class='ocr_carea' id='block_1_5' title="bbox 149 3475 1159 3605">
    <p class='ocr_par' dir='ltr' id='par_1_5' title="bbox 149 3475 1159 3605">
     <span class='ocr_line' id='line_1_36' title="bbox 198 3475 1159 3600; baseline 0.001 -72"><span class='ocrx_word' id='word_1_235' title='bbox 198 3480 253 3600; x_wconf 65' lang='lat' dir='ltr'><strong>Ill</strong></span> <span class='ocrx_word' id='word_1_236' title='bbox 277 3476 412 3600; x_wconf 59' lang='lat' dir='ltr'><strong>dd&#39;berenl</strong></span> <span class='ocrx_word' id='word_1_237' title='bbox 432 3478 545 3545; x_wconf 66' lang='lat' dir='ltr'><strong>omps,</strong></span> <span class='ocrx_word' id='word_1_238' title='bbox 568 3477 723 3532; x_wconf 86' lang='lat' dir='ltr'><strong>debuerant</strong></span> <span class='ocrx_word' id='word_1_239' title='bbox 744 3479 820 3533; x_wconf 85' lang='lat' dir='ltr'><strong>codd.</strong></span> <span class='ocrx_word' id='word_1_240' title='bbox 920 3484 954 3532; x_wconf 77' lang='lat'><strong>26</strong></span> <span class='ocrx_word' id='word_1_241' title='bbox 979 3475 1097 3531; x_wconf 85' lang='lat' dir='ltr'><strong>ecclesie</strong></span> <span class='ocrx_word' id='word_1_242' title='bbox 1121 3475 1159 3542; x_wconf 90' lang='lat' dir='ltr'><strong>D,</strong></span> 
     </span>
     <span class='ocr_line' id='line_1_37' title="bbox 149 3561 324 3605; baseline 0.034 -6"><span class='ocrx_word' id='word_1_243' title='bbox 149 3562 198 3601; x_wconf 88' lang='lat' dir='ltr'><strong>ecc</strong></span> <span class='ocrx_word' id='word_1_244' title='bbox 210 3561 269 3602; x_wconf 84' lang='lat' dir='ltr'><strong>esra</strong></span> <span class='ocrx_word' id='word_1_245' title='bbox 318 3590 324 3605; x_wconf 91' lang='lat'><strong>.</strong></span> 
     </span>
    </p>
   </div>
   <div class='ocr_carea' id='block_1_6' title="bbox 0 0 1332 3900">
    <p class='ocr_par' dir='ltr' id='par_1_6' title="bbox 0 0 1332 3900">
     <span class='ocr_line' id='line_1_38' title="bbox 0 0 1332 3900; baseline 0 0"><span class='ocrx_word' id='word_1_246' title='bbox 0 0 1332 3900; x_wconf 95' lang='lat' dir='ltr'><strong> </strong></span> 
     </span>
    </p>
   </div>
  </div>
 </body>
</html>
