2654 3900
538 215 753 280 ..27-

136 375 324 441 huiusmodi
351 375 386 440 in
414 374 659 459 quaestionibus
687 373 766 456 poni
793 376 827 438 et
850 374 891 438 ab
914 373 955 438 iis
979 373 1152 438 veritatem

136 464 257 549 inquiri
284 463 322 528 da
349 463 537 549 praemissis
560 461 728 528 mandavit
751 465 785 528 et
810 462 889 528 fecit
915 465 953 527 ut
976 465 1027 526 est
1050 461 1152 526 moris

138 557 172 617 et
208 552 348 617 maximo
383 551 605 617 Romanorum
645 551 701 636 qui
741 550 926 616 inventores
966 549 1153 616 huiusmodi

138 641 365 725 quaestionum
398 641 538 706 existere
570 639 763 704 referuntur.
812 638 956 704 Tandem
986 660 1046 722 per
1078 660 1153 704 oon-

109 729 313 794 ssessionem
332 729 478 812 ipsorum
496 729 665 794 inventum
683 728 748 793 fuit
761 749 831 793 rem
844 728 993 793 totaliter
1011 726 1059 792 ita
1073 749 1153 811 esse,

136 817 408 902 quemadmodum
429 816 555 882 Helena
578 820 611 881 et
634 817 702 882 eius
726 815 813 881 filius
837 814 1068 882 Constantinus
1090 815 1154 899 ipsi

137 906 547 1078 addubitat
561 904 1153 1078 llldttplllullbddlll

137 1082 178 1146 iis
211 1082 336 1167 imponi
370 1083 483 1166 iussit,
513 1082 648 1147 tandem
680 1083 798 1166 capitis
829 1083 907 1147 fecit
939 1081 1048 1146 subire
1081 1103 1153 1147 sen-

98 1189 124 1229 ιο
137 1171 276 1236 tentiam
300 1177 332 1235 et
354 1171 464 1256 gladio
488 1170 652 1236 decollari.

226 1258 394 1324 Postremo
409 1257 621 1325 Constantius
634 1261 814 1343 imperator
828 1261 993 1342 comperta
1007 1256 1046 1322 de
1060 1277 1151 1341 prae·
1161 1251 1205 1316 42

138 1347 249 1410 missis
268 1347 404 1412 veritate
423 1348 620 1431 enimenta,
639 1348 726 1431 quod
742 1347 852 1413 omnia
866 1351 898 1412 ot
913 1347 1050 1431 singula,
1069 1367 1151 1430 quaa

138 1433 265 1498 Helena
283 1437 316 1499 et
335 1432 571 1500 Constantinus
592 1436 659 1501 eius
679 1436 766 1501 filius
786 1435 873 1501 dese
893 1440 927 1501 et
945 1435 1151 1519 imperatoris

138 1520 337 1588 Graecorum
363 1523 432 1588 filia
455 1525 661 1608 rettulerant,
688 1546 767 1590 vera
789 1528 901 1590 essent
923 1525 963 1589 de
984 1524 1088 1606 iisque
1111 1522 1152 1588 ad

10 1627 13 1634 ·
97 1629 123 1670 rs
137 1612 270 1694 plenum
293 1613 502 1696 certificatus,
523 1612 616 1677 misit
638 1613 829 1697 solutiones,
856 1634 932 1678 suos
956 1613 1094 1696 legatos,
1118 1614 1153 1675 et

136 1699 270 1764 nuntios
299 1700 340 1764 ad
368 1699 537 1766 Graeciam
565 1723 603 1765 ac
629 1701 820 1785 imperatori
850 1699 1046 1765 Graecorum
1073 1698 1152 1763 fecit

136 1790 243 1852 totam
263 1788 312 1852 rei
330 1788 449 1852 seriem
466 1790 618 1854 nuntiare
638 1790 803 1873 videlicet,
827 1789 967 1873 qualiter
985 1788 1049 1852 duo
1067 1807 1151 1852 mer·

137 1879 264 1940 catores
291 1875 450 1959 praedicti
478 1874 730 1942 Constantinum
758 1878 798 1943 ad
826 1899 899 1942 eum
930 1875 1153 1940 fraudulenter

137 1964 353 2047 perduxerant
380 1986 417 2029 ao
444 1965 547 2030 filiam
575 1988 667 2030 suam
696 1987 748 2049 eo,
777 1965 862 2050 quod
890 1964 954 2049 ipsi
983 1964 1071 2029 facta
1095 1985 1154 2028 sua

97 2070 125 2110 πο
138 2058 171 2116 et
197 2053 378 2118 utilitatem
405 2053 440 2116 in
467 2053 657 2136 praemissis
679 2058 713 2117 et
736 2053 821 2118 circa
845 2075 883 2118 ea
904 2054 1063 2136 facerent,
1091 2053 1155 2117 cal·

137 2140 202 2204 lide
238 2140 303 2205 sibi
339 2142 374 2205 in
405 2161 539 2206 uxorem
576 2141 722 2225 copulari
753 2142 913 2225 fecerant,
950 2137 1154 2225 qualiterque

136 2228 227 2312 ipsos
260 2228 301 2292 ad
333 2228 497 2312 quandam
529 2230 686 2313 insulam,
718 2234 755 2294 ut
782 2229 903 2295 ibidem
935 2230 1022 2295 fame
1053 2230 1153 2294 inter·

136 2315 284 2400 licerent,
307 2317 525 2400 perduxerant
549 2340 586 2383 ao
606 2318 647 2382 iis
666 2318 714 2382 ibi
731 2317 855 2383 relictis
873 2316 1012 2382 Romam
1031 2318 1154 2383 reversi

136 2403 268 2470 fuerant
291 2408 325 2470 ot
348 2405 488 2489 qualiter
511 2406 641 2490 quidam
664 2406 742 2471 boni
770 2405 918 2472 homines
941 2427 1007 2470 non
1030 2406 1154 2491 absque

97 2509 123 2550 ao
137 2495 219 2557 nutu
246 2493 380 2558 deorum
408 2494 597 2560 sublimium
624 2515 723 2578 penes
752 2495 858 2578 ipsam
890 2494 1032 2558 insulam
1062 2495 1153 2560 navi-

137 2583 254 2664 gantes
277 2581 431 2666 ipsosque
450 2604 546 2666 super
565 2605 620 2648 eos
639 2583 818 2648 clamantes
841 2583 1034 2648 invenenmt
1056 2587 1091 2649 et
1113 2582 1155 2647 ad

137 2668 277 2733 Romam
303 2671 535 2755 perduxerunt,
563 2671 704 2755 qualiter
732 2672 832 2737 etiam
860 2672 899 2737 de
926 2671 978 2736 his
1002 2671 1153 2736 omnibus

138 2757 219 2821 satis
242 2757 436 2824 miraculosa
459 2760 581 2844 reperit
598 2761 772 2825 veritatem
791 2760 948 2844 dictisque
965 2760 1153 2825 mercatori·

138 2844 209 2928 bus,
228 2845 312 2911 sicut
325 2847 409 2911 male
424 2852 568 2932 egerant,
586 2869 645 2931 per
663 2849 859 2914 sententiam
874 2849 1152 2914 condemnationis

9 2975 13 3012 ;
97 2951 124 2991 ao
140 2931 253 2996 inferri
275 2932 399 3001 fecerat
422 2936 619 3019 supplicium
643 2937 732 3001 dirae
755 2938 882 3002 mortis.

209 3131 225 3179 6
245 3125 302 3179 und
320 3132 335 3180 '1
358 3126 447 3182 Verba
465 3126 700 3195 quemadmodum
718 3159 752 3168 -
770 3127 951 3184 rettullerant
969 3144 1019 3184 om.
1040 3128 1076 3182 F.
1136 3135 1152 3183 7

137 3196 293 3250 retulerant
306 3199 363 3252 cod.
377 3198 414 3251 D.
489 3203 523 3252 14
536 3198 693 3252 retulerant
706 3201 782 3254 codd.
848 3205 881 3254 15
897 3199 1049 3253 solationes
1066 3200 1153 3265 codd,

137 3267 253 3332 fortasse
271 3273 429 3337 corruptam
447 3275 492 3324 cat.
581 3275 614 3324 16
632 3269 767 3324 nunccios
788 3271 864 3326 codd.
953 3268 1153 3324 1‘1nunociare

137 3339 215 3392 codd.
288 3344 322 3394 28
340 3338 508 3394 miraculose
528 3355 557 3394 se
576 3341 663 3407 codd„
682 3342 846 3395 ulianense
865 3341 956 3396 delevi.
1034 3346 1069 3394 29
1089 3356 1153 3394 con-

138 3406 347 3478 dempnationis
366 3411 442 3466 codd.
528 3416 563 3465 30
582 3410 753 3480 supplicium
771 3411 856 3481 digne
873 3409 974 3465 mortis
992 3411 1035 3476 D,
1053 3409 1153 3465 mortis

139 3477 199 3534 dire
218 3478 387 3549 supplicium
406 3481 441 3535 F.
