2654 3900
542 218 734 282 -9-

132 374 338 460 propositum
356 398 451 441 suum
468 377 645 441 terminare
664 378 830 460 cupientes
848 376 1078 460 imperatorem
1095 397 1146 441 ac-

135 469 300 530 cesserunt
323 465 480 530 dicentes:
514 464 666 529 ‘Domine
689 464 880 548 imperator,
907 487 966 530 vos
989 465 1070 530 scire
1094 465 1146 529 de·

133 553 228 636 betis,
251 553 337 637 quod
354 553 388 618 in
406 574 534 618 recessu
552 557 665 620 nostro
689 553 727 618 de
746 554 826 618 urbe
845 575 865 636 a
883 553 1014 618 domino
1032 557 1145 618 nostro

134 641 356 706 Romanorum
379 641 574 725 imperatore
594 641 779 726 specialiter
799 642 979 726 recepimus
1002 642 1037 705 in
1059 663 1147 706 man-

109 731 231 813 sdatis,
249 735 287 794 ut
303 731 427 814 nuptiis
442 752 515 796 cum
530 731 749 796 sollemnitate
768 732 908 814 peractis
922 731 1025 796 filium
1044 751 1147 810 suum,

136 840 231 903 quem
263 818 348 882 sicut
379 840 413 883 se
444 819 553 902 ipsum
584 818 707 902 diligit,
743 841 816 882 cunr
849 840 908 884 sua
938 819 1074 902 coniuge
1107 818 1148 882 ad

135 906 274 971 Romam
297 907 446 972 reducere
469 907 654 989 debeamus,
678 907 763 990 quod
785 906 850 970 nisi
872 906 1043 971 fecerimus
1066 905 1149 971 nihil

137 995 225 1060 aliud
247 994 343 1059 nobis
362 999 511 1079 superest
527 995 592 1059 nisi
610 994 703 1060 mori.
737 995 868 1058 Placeat
886 1014 963 1078 ergo
982 994 1148 1058 maiestati

135 1086 265 1148 vestrae
287 1083 391 1147 filiam
413 1087 555 1148 vestram
575 1103 647 1147 curn
671 1104 728 1146 suo
752 1083 821 1146 filio
842 1083 1007 1147 remittere
1030 1084 1150 1166 ipsam-

97 1191 122 1230 ιο
137 1192 198 1256 que
224 1172 320 1236 nobis
348 1172 432 1236 sicut
458 1172 498 1236 de
525 1171 592 1236 filio
621 1193 679 1235 suo
702 1170 781 1235 fecit
803 1171 956 1234 traditam
985 1171 1025 1235 ad
1047 1193 1149 1235 reces-

137 1281 209 1323 sum
232 1260 316 1324 sicut
338 1260 503 1324 maiestati
523 1263 651 1324 vestrae
673 1259 799 1342 placuit
816 1263 850 1323 et
867 1279 1045 1342 congruere
1063 1259 1149 1324 vide·

136 1347 226 1412 bitur
248 1348 344 1412 citius
368 1347 539 1431 expedire'.

225 1433 407 1519 Imperator
432 1435 486 1501 his
515 1436 634 1501 auditis
661 1458 727 1500 una
754 1456 829 1500 cum
858 1435 1064 1517 imperatrice
1091 1431 1204 1500 sua13

138 1523 274 1607 coniuge
299 1524 473 1608 stupefacti
496 1529 529 1590 et
552 1525 591 1590 de
614 1524 736 1589 talibus
759 1523 896 1588 novibus
919 1524 1057 1588 nimium
1076 1545 1149 1588 con·

97 1629 123 1670 ιε,
136 1613 261 1677 tristati
275 1617 451 1697 coeperunt
468 1613 555 1677 inter
571 1635 605 1677 se
624 1613 741 1678 dicere:
762 1611 941 1688 ‘Quomodo
960 1633 1020 1677 nos
1039 1613 1151 1677 miseri

137 1701 193 1784 qui
206 1705 335 1764 tanturn
349 1702 479 1766 unicam
493 1701 651 1766 habemus
666 1701 768 1764 filiam
782 1700 943 1784 heredem,
959 1701 998 1765 de
1014 1700 1150 1772 duorum

136 1788 307 1852 hominum
330 1792 556 1854 extraneorum
580 1789 759 1854 assertione
781 1790 816 1853 in
838 1792 967 1853 tantum
992 1789 1150 1853 confidere

137 1897 323 1959 possumus,
355 1877 441 1960 quod
472 1877 574 1941 filiam
603 1880 750 1942 nostram
782 1899 879 1961 quam
912 1877 996 1942 sicut
1023 1878 1150 1941 animas

136 1968 266 2029 nostras
285 1965 451 2050 diligimus
471 1987 630 2050 quamque
649 1967 684 2030 in
703 1967 827 2049 gremio
851 1965 1019 2050 sauguinis
1044 1965 1150 2030 cordis

96 2069 122 2110 20
135 2054 241 2117 nostri
260 2054 473 2118 enutrivimus
491 2054 601 2119 lumen
620 2054 787 2120 oculorum
804 2058 1038 2118 nostrorumst
1056 2055 1150 2118 bacu-

135 2141 204 2205 lum
236 2142 412 2206 senectutis
439 2146 569 2207 nostrae
600 2163 772 2225 possumus
801 2164 820 2206 a
848 2142 945 2206 nobis
976 2163 1078 2226 usque
1110 2141 1151 2205 ad

136 2232 265 2294 tantam
294 2230 356 2294 loci
379 2229 569 2295 distantiam
593 2251 764 2314 segregare
785 2230 981 2313 nescientes,
1009 2233 1036 2295 si
1059 2229 1151 2315 longi

136 2317 259 2400 latique
273 2318 372 2382 maris
389 2318 575 2383 intermedii
593 2319 814 2383 transfretatio
829 2339 887 2382 seu
900 2319 1026 2383 viarum
1040 2319 1151 2384 discri-

137 2405 227 2470 mina
240 2406 506 2490 longissimarum
521 2408 621 2472 talem
634 2408 773 2471 fortasse
787 2427 880 2471 casus
895 2411 1045 2472 eventum
1059 2428 1152 2491 prae·

97 2510 123 2550 2⁵
138 2493 226 2575 beat,
262 2498 300 2557 ut
330 2495 431 2559 filiam
462 2499 610 2559 nostram
647 2494 892 2559 dilectissimam
925 2517 1016 2579 spem
1047 2495 1152 2560 totius

137 2580 252 2647 solacii
273 2582 377 2646 nostri
395 2582 430 2646 in
447 2583 509 2648 hoc
528 2583 655 2648 saeculo
673 2604 841 2667 nunquam
859 2584 968 2648 vivam
987 2583 1025 2648 de
1044 2587 1151 2648 cetero

135 2670 258 2735 nostris
273 2671 374 2735 oculis
394 2670 596 2736 videamus?
630 2669 668 2735 ‘O
690 2671 727 2754 si,
747 2673 833 2755 quod
852 2671 947 2749 absit,
966 2671 1047 2736 talia
1064 2693 1153 2736 nova

136 2758 334 2843 reciperem,
352 2760 460 2843 inquit
478 2762 591 2842 mater,
611 2758 700 2843 quid
719 2758 809 2824 aliud
826 2763 963 2824 restaret
979 2761 1044 2824 nisi
1063 2761 1151 2844 quod

137 2866 189 2910 me
212 2846 327 2910 merito
355 2869 415 2931 pro
438 2848 550 2914 dolore
573 2846 792 2932 iugularem‘?’
834 2848 1018 2950 Imperator
1041 2853 1151 2913 autem

97 2953 123 2992 ao
136 2955 196 2998 nec
223 2955 376 3000 coronam
403 2936 606 3020 imperialem
633 2957 692 3000 suo
720 2935 862 3020 capiti
852 2958 1019 3038 imponere
1051 2938 1151 3002 immo

135 3043 195 3087 nec
223 3022 306 3087 sicut
292 3022 432 3089 thorno
458 3025 584 3089 ratione
611 3028 705 3088 utens
732 3025 911 3107 pedibus
901 3047 936 3089 rn
967 3028 1055 3090 terra
1084 3047 1151 3090 am·

136 3111 249 3177 bulare
268 3111 369 3175 sed
343 3116 428 3178 srcut
413 3113 569 3178 tanimal
589 3113 712 3178 cunctis
735 3113 933 3178 horrendum
953 3133 1151 3179 venenosum

207 3268 362 3339 dsollemp
363 3268 454 3324 nitate
472 3269 548 3324 codd
641 3267 764 3323 'luichil
781 3269 858 3325 codd.
947 3276 979 3325 13
998 3269 1054 3324 hiis
1074 3272 1150 3326 codd.

139 3344 172 3392 14
188 3338 308 3393 novibus
327 3341 404 3396 codd.
424 3341 455 3409 (l)
533 3346 565 3394 19
585 3339 730 3409 sanguinis
753 3356 803 3396 om
821 3340 860 3394 F.
934 3347 968 3396 20
991 3343 1020 3396 ot
1044 3357 1094 3396 ora
1114 3343 1149 3394 F.

136 3415 170 3463 22
197 3409 278 3464 tanta
303 3409 360 3465 loci
386 3409 554 3464 distanciam
578 3411 622 3477 D,
647 3411 728 3465 tanta
748 3410 806 3465 loci
829 3411 969 3466 distancia
989 3412 1025 3467 F.
1116 3419 1149 3468 29

135 3478 267 3534 merito
255 3499 288 3536 aa
305 3483 336 3537 D
353 3485 491 3553 repetitio.
566 3487 600 3536 30
617 3497 712 3549 ymmo
731 3483 806 3538 codd.
