2654 3900
562 164 783 272 ..23..¹

111 361 155 428 43
255 363 407 450 Receptis
438 369 547 430 autem
573 365 625 430 his
652 365 747 431 novis
774 364 953 448 imperator
983 363 1183 433 Graecorum

166 457 199 517 et
221 453 444 536 imperatrix
434 476 469 518 1n
491 457 618 518 tantam
640 456 858 537 proruperunt
876 453 997 518 doloris
1021 457 1054 518 et
1077 457 1182 539 gemi-

165 544 219 604 tus
233 542 479 644 vehementiam,
498 542 584 626 quod
598 541 792 606 videbantur
811 544 903 620 extra
920 545 1062 606 mentem
1079 543 1183 626 positi

166 632 199 693 et
218 651 252 694 se
270 631 360 714 ipsos
377 630 463 696 velle
481 629 637 715 iugulare.
669 629 762 706 Quod
780 617 926 695 videntes
944 631 1182 697 ambasiatores

166 721 200 782 et
234 719 342 783 nuntii
380 719 482 802 ipsius
518 719 726 802 imperatoris
762 717 903 784 Romam
939 718 1089 784 dixerunt
1074 721 1181 784 tiis·
1196 736 1211 778 s

166 803 290 870 ‘Nolite
309 808 509 891 contristari,
531 808 615 872 nolit
600 811 634 872 te
652 807 764 891 itaque
781 805 901 889 facere,
925 806 1075 872 dominus
1094 809 1181 872 enim

165 893 343 977 imperator
370 895 606 978 Romanorum,
637 895 812 960 secundum
839 894 926 978 quod
953 917 1046 960 suam
1073 896 1183 961 decuit

165 982 381 1064 maiestatem,
403 984 517 1048 nolens
536 985 605 1047 tam
625 1003 817 1066 generosam
840 982 1015 1068 dominam,
1037 988 1182 1049 vestram

165 1070 282 1150 filiam,
304 1071 375 1136 fore
397 1075 466 1136 tam
490 1071 721 1136 miserabiliter
738 1072 919 1154 seductam,
941 1093 1018 1136 mox
1041 1073 1181 1138 veritate

167 1180 263 1242 super
285 1159 472 1224 huiusmodi
495 1162 661 1243 comperta
683 1156 933 1224 Constantinum
956 1160 1062 1224 filium
1086 1179 1224 1225 suum1⁰

166 1250 200 1311 et
222 1250 365 1312 vestram
394 1248 497 1312 filiam
521 1249 589 1312 eius
616 1269 750 1312 uxorem
773 1269 849 1313 suos
872 1247 1017 1313 instituit
1045 1249 1181 1314 heredes

167 1339 200 1400 ct
230 1333 371 1400 Romani
402 1336 532 1420 imperii
565 1356 775 1402 successores.
815 1337 861 1401 Et
892 1336 975 1419 volt,
1008 1336 1036 1400 si
1062 1337 1182 1422 placet,

166 1424 289 1506 omnia,
318 1446 400 1507 quae
427 1447 486 1508 per
513 1424 696 1508 praedictos
719 1429 929 1508 mercatores,
953 1424 1031 1488 licet
1053 1425 1182 1510 callide,

165 1514 308 1576 tractata
321 1511 459 1591 fuerant,
472 1513 641 1577 vobiscum
651 1512 803 1579 totaliter
814 1533 1040 1578 consummare
1053 1535 1182 1597 pacem-

112 1621 228 1747 all
250 1600 760 1771 tutttttttptttss
780 1604 979 1754 tutti
1011 1711 1076 1753 a.
1108 1711 1182 1755 um
1197 1618 1223 1660 ¹⁵

165 1776 372 1860 imperatrice
401 1777 441 1841 ad
464 1799 500 1841 se
522 1777 645 1841 reversi
671 1799 750 1860 prae
776 1776 894 1860 gaudio
916 1776 1088 1842 lacrimare
1112 1799 1182 1844 coe·

165 1868 283 1946 parunt
306 1865 464 1930 diceutes.
497 1863 805 1948 ‘Viratimperator
824 1863 1048 1930 Romanorum
1067 1867 1182 1930 011111-

166 1953 297 2036 peret'
287 1975 323 2016 1n
348 1954 515 2037 praesenti
544 1953 673 2018 saeculo
706 1953 845 2017 feliciter
874 1956 906 2016 et
937 1957 1015 2036 post
1041 1958 1181 2020 mortem

166 2063 239 2106 cum
262 2041 324 2105 diis
352 2041 546 2106 sublimibus
571 2045 735 2106 aeternam
757 2063 817 2124 pro
842 2062 900 2106 sua
922 2042 1060 2126 pietate,
1084 2065 1182 2127 quam
1196 2059 1222 2100 2⁰

167 2117 252 2193 circa
282 2151 342 2193 nos
375 2135 408 2194 et
438 2131 586 2193 nostram
617 2129 720 2193 filiam
751 2129 880 2194 unicam
915 2128 1008 2212 facit,
1045 2131 1182 2214 recipiat

166 2217 306 2301 gloriam
335 2221 368 2281 et
393 2217 561 2282 honorem.
601 2217 646 2281 Et
671 2239 732 2282 nos
761 2218 830 2283 vics
856 2238 953 2282 versa
981 2239 1090 2283 secum
1117 2241 1183 2284 11011

167 2304 272 2368 solum
298 2327 412 2388 pacem
437 2305 544 2370 facere
571 2308 604 2370 et
627 2326 757 2370 servare
784 2305 948 2388 volumus,
976 2306 1064 2370 sed
1054 2328 1089 2370 111
1111 2329 1183 2391 per·

165 2396 301 2473 potuum
329 2393 370 2458 ab
399 2394 468 2458 eius
496 2394 641 2458 amicitia
669 2395 702 2458 et
729 2415 839 2458 amore
866 2393 1018 2458 nolumus
1048 2399 1183 2479 propter

167 2501 401 2565 quamcumque
428 2503 498 2546 rem
526 2481 638 2545 mundi
666 2481 819 2565 separari.
859 2481 905 2546 Et
928 2503 968 2546 ex
990 2504 1077 2548 nunc
1100 2481 1182 2550 Ocn-
1195 2497 1221 2539 ¹⁵

167 2569 347 2634 stantinum
367 2570 436 2634 eius
459 2570 564 2634 filium
582 2572 732 2634 nostrum
755 2569 907 2634 heredem
925 2571 1130 2636 instituimus
1149 2576 1183 2636 et

165 2656 202 2720 in
226 2655 424 2722 Graecorum
447 2657 585 2741 imperio
608 2652 745 2722 facimus
770 2657 1010 2723 successorem'.

112 2758 156 2824 45
255 2744 325 2820 Quo
350 2746 462 2810 audito
486 2749 520 2809 et
540 2745 630 2811 facto
654 2745 891 2810 ambasiatores
915 2743 1101 2812 Constantii
1123 2748 1182 2812 im-

165 2835 327 2917 peratoris
350 2834 513 2898 dixerunt:
546 2831 697 2899 ‘Domine
719 2834 913 2917 imperator,
935 2834 1064 2917 placeat
1086 2836 1182 2901 vobis

165 2921 292 3006 legatos
320 2925 447 2987 vestros
478 2925 511 2986 et
533 2923 665 2988 nuntios
688 2922 858 2986 nobiscum
882 2922 922 2986 cd
945 2921 1085 2989 Romam
1107 2946 1181 2990 cum
1195 2937 1220 2978 ³⁰
1316 2991 1317 3000 ,

164 3009 261 3093 pleno
288 3010 442 3075 mandato
470 3011 603 3075 mittere
633 3010 674 3075 ad
702 3010 812 3075 omnia
839 3011 903 3074 ista
929 3012 1127 3092 perficienda
1150 3016 1184 3077 et

166 3097 206 3162 ad
224 3097 444 3182 recipiendum
462 3099 525 3163 hoc
542 3099 628 3163 idem
643 3121 663 3163 a
678 3097 808 3163 domino
828 3101 939 3164 nostro
959 3097 1184 3166 Romanorum

238 3253 423 3310 1111100οΜ.
513 3253 1091 3326 aproruperuutF,prorupeveruntD.
1166 3260 1182 3311 5

166 3323 278 3378 nunccii
297 3325 373 3380 codd.
447 3325 486 3382 eis
504 3327 548 3394 D,
565 3325 624 3380 illis
644 3325 680 3380 F.
763 3325 860 3380 afore
879 3343 928 3382 om.
949 3325 985 3381 F.
1069 3332 1102 3380 12
1122 3327 1184 3380 volt

167 3396 243 3450 codd.
308 3402 343 3451 14
357 3412 520 3451 consumare
535 3399 622 3464 codd,
637 3412 828 3478 consummare
842 3398 955 3453 correxi
1022 3396 1183 3451 muricem

166 3465 905 3539 0011129011001Γ.31111πο01010οΜ
