2654 3900
537 209 755 273 ..21-

141 369 295 434 exercitia
325 363 525 453 permaxime
560 367 751 452 agebantur.
805 364 1040 431 Constantinus
1076 389 1154 433 vero

140 479 213 523 cnm
237 458 311 522 aliis
334 461 368 521 et
389 458 476 521 inter
498 457 581 520 alios
604 454 806 518 hastiludens
834 455 1016 537 praevaluit
1039 457 1154 520 ceteris

140 547 290 610 omnibus
317 545 381 609 hoo
407 543 482 608 ludo
511 544 559 607 ita
586 546 624 606 ut
649 541 772 607 multos
805 563 914 606 secum
946 543 1093 608 ludentes
1122 549 1155 608 et

139 634 208 700 fere
235 654 347 698 omnes
374 632 486 697 ludum
513 632 621 715 ipsum
649 651 755 696 secum
787 631 829 694 ad
861 630 993 715 aliquod
1024 635 1154 716 tempus

13 740 18 777 s
114 722 368 788 acontinuantes
382 720 423 785 ad
441 724 562 784 terram
580 721 801 802 prosterneret
815 722 848 782 et
867 719 1037 803 quodiam
1056 741 1156 804 quare

139 832 206 875 non
228 809 454 874 inveniebatur
472 808 590 892 aliquis
610 807 665 891 qui
684 828 792 872 secum
814 807 925 872 ludere
944 830 1041 872 ausus
1061 812 1157 893 esset,

141 899 232 963 etin
259 900 386 962 tantum
408 897 498 960 ultra
521 917 633 961 omnes
656 895 825 980 praefecit,
848 897 896 960 ita
918 901 956 960 ut
978 895 1157 981 imperator

141 1007 215 1051 cum
241 988 313 1050 toto
338 987 452 1049 senatu
479 1007 517 1050 ao
543 984 705 1049 universis
729 984 796 1048 suis
822 984 965 1050 tribunis
988 989 1022 1049 et
1045 985 1156 1050 militi·

140 1075 202 1139 bus
226 1073 265 1138 de
289 1073 357 1140 eius
381 1073 575 1139 strenuitate
594 1072 797 1137 mirarentur.
830 1072 909 1138 Istis
927 1072 1037 1157 itaque
1055 1072 1157 1138 hasti-

12 1187 17 1219 :
102 1181 127 1221 ιο
141 1162 239 1228 ludiis
264 1165 298 1227 et
319 1161 554 1227 torneamentis
578 1161 618 1225 ad
646 1160 772 1245 aliquos
801 1160 869 1226 dies
893 1162 1090 1226 continuatis
1120 1182 1157 1226 ao

141 1248 357 1316 Constantino
388 1250 494 1334 magis
528 1271 565 1314 ao
596 1250 702 1334 magis
737 1250 946 1332 praevalente
978 1250 1158 1333 imperator

76 1379 82 1384 -
142 1339 249 1421 coepit
271 1339 434 1422 inquirere
458 1338 608 1422 quisnam
629 1340 724 1402 esset.
760 1336 884 1402 Milites
903 1341 1013 1402 autem
1037 1341 1071 1402 et
1088 1338 1158 1403 uni-

141 1427 227 1490 versi
250 1427 306 1510 qui
329 1426 464 1491 aderant
481 1427 608 1490 nobiles
626 1426 864 1510 responderunt
886 1447 950 1490 uno
973 1447 1028 1491 ore
1051 1426 1158 1490 dioen-

141 1518 202 1596 tes,
221 1514 305 1599 quod
319 1514 429 1579 nullus
442 1515 549 1599 ipsum
563 1517 713 1579 nosceret
724 1514 789 1579 nisi
803 1515 888 1598 quod
906 1515 1014 1598 ipsum
1028 1514 1158 1598 saepius

8 1625 16 1663 :f
102 1619 127 1660 1⁵
141 1603 299 1669 vidissent
327 1603 443 1668 ceteris
467 1604 502 1666 in
524 1603 587 1667 hoo
608 1603 685 1668 ludo
704 1605 737 1666 et
765 1603 837 1666 eliis
860 1603 1057 1668 militaribus
1082 1604 1159 1668 acti·

141 1691 202 1756 bus
224 1691 412 1756 ludentibus
435 1690 734 1774 incomparabiliter
756 1691 1007 1776 praevalentem.

230 1777 415 1864 Imperetur
451 1782 560 1843 autem
594 1780 658 1844 hoc
689 1779 800 1844 audito
833 1777 1085 1844 Constantinum
1118 1779 1212 1843 ad34

142 1887 236 1931 suam
263 1867 373 1931 vocari
400 1867 496 1932 iussit
521 1867 740 1950 praesentiam
769 1869 802 1931 et
829 1868 990 1951 quaesivit
1017 1869 1059 1932 ab
1085 1869 1158 1952 ipso

143 1955 214 2040 quis
242 1958 276 2019 et
303 1955 386 2020 unde
414 1959 507 2020 esset.
554 1955 618 2032 Qui
649 1955 818 2039 respondit
850 1956 970 2021 dicens:
1007 1955 1158 2022 ‘Domine

8 2071 13 2106 a
102 2059 129 2099 ²⁰
142 2042 319 2128 imperator
346 2044 499 2127 pauperis
524 2065 595 2107 sum
622 2043 710 2108 filius
732 2043 878 2108 mulieris
901 2045 1101 2110 stabulariae
1124 2044 1159 2108 in

140 2130 204 2196 hac
221 2130 301 2194 urbe
319 2130 573 2196 commorantis'.
605 2130 795 2215 Rursusque
815 2132 1033 2218 interrogavit
1050 2133 1159 2217 ipsum

142 2219 216 2302 quis
231 2223 317 2284 esset
336 2222 431 2303 pater
444 2219 523 2283 eius.
555 2218 608 2282 Ad
622 2219 707 2302 quod
721 2220 839 2284 iterum
853 2220 1022 2304 respondit
1036 2221 1158 2286 dicens:

142 2305 285 2371 ‘Patrem
304 2307 465 2390 quendam
487 2327 664 2390 pauperem
682 2301 788 2372 'virum
811 2307 913 2372 habui
936 2309 992 2392 qui
1011 2311 1157 2374 mortuus

141 2394 206 2460 fuit
220 2398 394 2480 antequam
408 2415 470 2481 ego
488 2398 586 2460 natus
606 2394 732 2460 essem'.
763 2394 946 2479 Imperator
960 2401 1070 2462 autem
1088 2418 1157 2462 rem

8 2511 11 2548 ε
102 2498 129 2539 ¹⁵
142 2482 263 2547 tacitus
278 2483 483 2548 considerans
498 2484 708 2567 subsequenti
726 2484 867 2567 quadam
885 2485 947 2569 die,
965 2507 1037 2550 cum
1050 2485 1158 2568 ipsum

141 2571 229 2636 inter
261 2570 343 2636 alios
375 2570 497 2636 milites
529 2571 768 2636 hastiludentes
801 2594 839 2638 ac
867 2573 975 2655 ipsum
1001 2573 1041 2637 iis
1068 2594 1158 2659 prae·

141 2660 305 2725 valentem
333 2659 417 2724 siout
446 2660 536 2743 prius
564 2660 798 2744 conspexisset,
830 2661 967 2726 eundem
999 2659 1158 2727 Constan-

141 2748 248 2812 tinum
271 2747 312 2813 ad
335 2770 370 2813 se
397 2749 507 2813 vocari
534 2749 631 2813 iussit
653 2750 687 2812 et
709 2747 830 2814 iterum
854 2749 926 2834 quis
952 2754 1039 2816 esset
1061 2750 1158 2815 inter·

142 2837 280 2919 rogavit
312 2836 375 2913 Qui
389 2836 518 2920 quidem
533 2835 766 2902 Constantinus
783 2836 951 2921 respondit
965 2837 1049 2902 siout
1066 2839 1157 2921 prius

103 2921 267 2988 refecerat
284 2923 407 2989 dicens:
431 2924 582 2991 ‘Domine
599 2925 786 3009 imperator,
806 2925 960 3010 pauperis
979 2948 1051 2991 sum
1069 2925 1157 2990 filius

123 3011 300 3095 mulieris,
319 3034 430 3078 servus
450 3012 578 3079 vester'.
609 3013 793 3098 Imperator
808 3017 918 3079 autem
931 3035 1000 3079 rem
1019 3014 1068 3079 ita
1086 3036 1157 3079 esse

143 3101 228 3165 sicut
251 3101 417 3165 asserebat
438 3123 644 3187 nequaquam
667 3103 844 3166 aestimans
865 3102 948 3166 dixit
970 3102 1048 3166 sibi:
1080 3101 1156 3167 ‘Pro

143 3193 230 3253 certo
254 3188 337 3253 scire
360 3189 509 3255 volumus
531 3189 628 3255 huius
647 3190 693 3254 rei
712 3191 886 3255 veritatem
907 3193 941 3254 et
962 3190 1028 3255 nisi
1050 3190 1156 3274 ipsam

141 3276 347 3361 patefeceris,
369 3299 509 3362 poenam
527 3299 595 3343 non
618 3277 755 3344 evades'.
792 3276 1023 3344 Constantinus
1048 3282 1157 3344 autem

214 3419 248 3468 10
267 3417 432 3472 continuans
450 3417 527 3475 codd.
547 3415 698 3473 continetis
712 3417 826 3473 caraci.
900 3422 935 3471 30
955 3415 1068 3476 dominc
1081 3418 1113 3471 ia
1126 3417 1156 3470 D

141 3486 280 3556 ropetitur.
