2654 3900
538 217 755 281 ..25-

139 398 198 440 sua
229 375 366 461 coniuge
402 381 571 461 praesente
608 398 722 441 sanum
755 399 826 442 cum
858 374 977 460 gaudio
1016 375 1153 460 suscepi.

138 462 202 530 Sed
225 465 379 530 detenta
402 467 540 552 coniuge
563 465 746 548 stupefacta
772 465 976 529 decreveram
998 464 1064 528 iam
1086 486 1153 529 una

138 575 212 617 cum
243 553 373 655 iisdem,
409 554 511 657 guod,
542 553 607 618 nisi
637 553 755 618 fuisset
784 553 974 618 mandatum
1005 555 1152 618 vestrum

109 730 359 795 ocondicionem
382 735 415 796 et
438 735 589 795 eventurn
612 731 660 795 rei
682 730 850 814 dixissem,
878 729 932 794 sed
956 729 993 792 in
1014 750 1151 813 pauper-

136 821 206 882 tate
225 820 259 882 et
276 819 315 882 de
332 819 500 885 laboribus
518 841 672 884 manuum
691 839 835 882 mearum
853 818 977 882 victum
998 838 1151 901 quaerere

138 906 352 990 cogitavimus
376 907 417 972 ad
439 911 588 991 tempora
610 907 699 972 vitae
719 905 874 972 nostrae'.

225 993 410 1078 Imperator
435 1017 512 1061 voro
540 996 578 1060 de
606 997 708 1060 tantis
736 998 770 1059 et
798 994 921 1059 talibus
946 993 1150 1058 sermonibus
1160 998 1204 1064 39

136 1081 276 1146 multum
308 1083 506 1167 stupefactus
538 1086 572 1147 et
602 1084 690 1148 ultra
717 1104 814 1167 quarn
841 1083 929 1148 credi
960 1085 1071 1166 potest
1098 1083 1152 1146 ad·

97 1193 123 1233 10
136 1170 258 1234 mirans
287 1171 345 1237 ait:
379 1171 435 1237 ‘Et
463 1173 625 1256 quomodo
653 1175 764 1255 potest
790 1172 853 1236 iste
880 1170 968 1236 filius
995 1192 1086 1236 meus
1117 1175 1151 1236 et

137 1279 232 1340 quem
258 1259 366 1342 ipsum
394 1260 433 1324 de
460 1260 553 1325 vobis
579 1259 771 1346 generarit'
815 1259 998 1363 Respondit
1024 1258 1152 1324 Helena

137 1347 259 1411 dicens.
296 1346 447 1414 Domine
478 1348 654 1432 imperator
684 1349 803 1434 viginti
835 1348 930 1413 annis
965 1347 1085 1443 elapsis
1118 1350 1153 1412 et

138 1435 277 1518 amplius
309 1457 373 1499 uno
406 1436 530 1501 dierum
557 1458 618 1522 ego
651 1459 723 1501 cum
751 1437 848 1502 sociis
874 1436 971 1519 meis,
1000 1458 1083 1520 quae
1110 1436 1151 1499 ad

7 1589 9 1592 .
136 1523 251 1587 urbem
274 1522 401 1588 Roman
423 1525 568 1590 venimus
597 1526 638 1590 ad
661 1525 860 1590 visitandum
886 1486 1003 1589 limiha
1025 1527 1151 1589 sancto·

7 1621 12 1644 '
97 1631 122 1672 rs
135 1633 221 1696 rum,
243 1612 381 1676 transivi
404 1634 463 1696 per
484 1617 617 1697 pontem
641 1613 768 1679 Tiberis
792 1616 826 1678 et
842 1612 936 1678 vobis
955 1634 995 1676 ex
1013 1613 1152 1677 adverso

136 1720 209 1764 cum
231 1700 429 1765 satellitibus
453 1702 570 1766 vestris
593 1702 739 1766 venienti
756 1723 836 1780 casu
855 1701 1063 1765 occurrebam
1080 1721 1151 1765 vos·

136 1807 198 1870 que
231 1787 343 1851 statim
375 1788 484 1854 missis
517 1790 712 1874 quibusdam
743 1811 783 1854 ex
816 1789 935 1854 vestris
971 1788 1151 1853 mandastis

134 1875 258 1958 hospiti
285 1897 357 1941 meo
386 1897 437 1941 me
465 1880 536 1942 tum
563 1879 693 1961 penitus
725 1878 931 1963 ignorantem
961 1880 1000 1941 ut
1026 1898 1079 1941 me
1111 1877 1150 1941 de

134 1962 279 2048 hospitio
311 1986 370 2029 suo
401 1987 468 2031 non
500 1966 681 2031 dimitteret
712 1966 782 2050 sed,
814 1967 915 2031 donec
945 1965 1152 2049 propositum

6 2056 11 2070 '
95 2057 278 2117 aovestmm
311 2053 349 2117 de
381 2075 434 2118 me
466 2058 658 2138 conceptum
690 2056 887 2138 expleretur,
919 2054 1006 2138 apud
1036 2076 1070 2119 se
1101 2075 1150 2118 re-

134 2141 265 2205 tineret.
305 2140 433 2225 Hospes
461 2163 537 2206 vero
562 2147 711 2226 suscepto
734 2143 888 2208 mandato
919 2143 1083 2226 imperiali
1105 2141 1152 2206 di·

135 2228 244 2292 missis
268 2229 340 2294 aliis
364 2230 522 2296 consociis
545 2231 627 2296 meis
648 2253 700 2296 me
723 2232 858 2296 retinuit
877 2231 1008 2296 etmihi
1026 2231 1151 2294 furtum
1201 2229 1202 2234 ’

136 2315 304 2381 cniusdam
330 2318 379 2383 rei
407 2341 499 2402 suae,
527 2341 623 2403 quam
651 2320 715 2385 sihi
741 2319 884 2385 furatam
913 2319 1065 2401 asseruit,
1091 2317 1151 2382 im-

135 2425 259 2487 ponens
278 2407 316 2470 dc
334 2405 480 2490 hospitio
500 2429 559 2472 suo
577 2409 725 2474 receder'e
742 2429 810 2473 non
827 2407 985 2493 permisit
1017 2406 1151 2491 Vosque

96 2511 122 2552 rc
136 2496 233 2576 capta
252 2496 496 2577 opportunitate
516 2496 556 2560 ad
579 2497 665 2561 idem
687 2496 869 2580 hospitium
888 2497 1022 2561 venistis
1046 2499 1080 2559 et
1097 2516 1150 2560 me

133 2582 364 2665 pauperculam
387 2583 465 2648 flore
487 2585 664 2667 pudicitiae
686 2606 778 2650 meae
801 2590 916 2652 contra
943 2606 1072 2649 ornnem
1094 2605 1150 2650 vo·

134 2671 294 2734 luntatem
308 2692 415 2736 meam
433 2675 467 2736 et
486 2673 571 2738 sicut
588 2673 713 2756 placuit
731 2673 919 2738 denudastis
939 2676 973 2738 et
990 2672 1149 2737 violenter

134 2759 314 2841 oppressist
315 2759 353 2823 is.
387 2759 466 2824 Et
455 2761 640 2846 insignum
663 2762 749 2845 quod
768 2762 877 2826 omnia
899 2761 965 2825 ista
982 2783 1061 2826 vera
1082 2761 1150 2825 sint

135 2865 207 2909 ecce
239 2847 393 2912 annulum
425 2853 583 2933 restrum,
617 2870 691 2914 ecce
721 2850 889 2915 humerale
922 2852 1149 2914 ornamentum

6 2969 16 3004 ι
93 2932 317 3034 coimperiale,
345 2958 499 3019 quaeres
522 2937 557 3001 in
585 2937 794 3003 defloratione
817 2960 891 3003 mea
913 2937 994 3002 mihi
1017 2937 1149 3002 amaris-

134 3020 215 3086 sime
239 3022 330 3087 flenti
353 3028 386 3089 et
410 3024 449 3089 de
470 3029 660 3109 perpetrata
683 3027 769 3092 circa
790 3049 843 3091 me
862 3026 1000 3090 nimium
1024 3025 1150 3089 dolenti

134 3111 275 3196 quadam
298 3112 352 3194 pie
352 3115 420 3177 tate
445 3117 552 3179 motus
577 3114 740 3180 tribuistis
764 3119 798 3179 et
820 3137 901 3198 quas
924 3113 1011 3198 apud
1034 3135 1086 3178 me
1113 3113 1149 3176 in

207 3344 239 3393 10
253 3340 419 3409 potestiste
433 3341 472 3406 D,
490 3339 545 3395 iste
560 3340 706 3411 p.otestF
777 3338 1095 3410 repraesenteris
1111 3339 1146 3393 F.

6 3417 9 3436 ’
133 3412 168 3462 20
188 3407 223 3462 de
241 3425 286 3464 rnc
304 3410 347 3477 D,
367 3411 449 3464 dem
463 3381 504 3466 'R
597 3416 631 3466 25
639 3411 841 3492 oportunitate
860 3413 936 3468 codd.
1027 3417 1061 3465 26
1080 3408 1148 3464 flore

134 3479 211 3534 codd.
216 3481 360 3548 ,sortasse
377 3483 549 3538 contendam
567 3487 618 3538 est:
637 3481 668 3536 in
685 3481 761 3536 flore.
853 3490 888 3538 30
905 3480 993 3536 michi
1010 3481 1049 3550 D,
1069 3476 1095 3532 ιιι
1110 3480 1147 3536 F
