2654 3900
558 231 755 295 ..5-

149 389 296 456 habebat
314 391 556 474 confidentiam,
580 390 665 474 qnod
688 389 754 474 ipsi
772 388 833 454 soli
857 409 930 453 cum
950 409 1061 452 eorum
1079 387 1168 451 navi·

151 481 212 545 bus
236 479 270 544 et
291 479 417 544 famiiia
440 484 473 544 et
494 479 578 545 nulli
602 478 660 543 alii
683 478 806 543 aditum
833 499 980 560 securum
1002 476 1171 540 habebant

153 568 194 634 ad
230 567 400 633 Graeciam
436 590 496 652 pro
534 567 724 653 quaerendis
759 565 987 649 mercimoniis,
1032 585 1170 648 quorum

153 679 308 742 magnam
341 657 469 741 copiam
503 656 635 722 cottidie
664 655 884 740 apportabant
916 658 948 718 et
980 653 1094 718 exinde
1123 652 1172 716 ni-

130 747 259 810 omium
288 745 384 810 ditati
410 745 541 811 fuerant
563 748 596 810 et
622 745 661 808 de
685 744 735 808 die
758 743 792 807 in
815 743 902 807 diem
926 741 1066 826 amplius
1089 741 1172 805 dita·

157 835 286 899 bantur.
328 831 477 919 Contigit
500 837 622 916 autem,
649 837 687 898 ut
714 831 853 917 quadam
876 831 928 895 die
952 831 1030 894 dicti
1052 850 1172 894 merca·

156 927 245 988 tores
270 921 366 986 simul
389 944 447 1006 per
468 923 581 987 urbem
606 921 769 1005 spatiandi
792 920 901 1005 gratia
921 919 1117 1000 incederent,
1140 920 1173 980 et

156 1012 399 1094 praetereuntes
427 1011 577 1076 viderunt
600 1009 800 1093 praedictum
824 1029 957 1092 puerum
988 1005 1173 1072 Constanti-

156 1121 235 1163 num
267 1099 333 1164 iam
364 1099 489 1164 factum
522 1099 697 1164 decennem
730 1097 781 1162 vel
814 1096 942 1162 circiter
973 1096 1059 1161 inter
1091 1095 1173 1159 alios

117 1207 143 1247 ιο
158 1209 276 1272 pueros
300 1190 472 1253 coetaneos
498 1210 574 1253 suos
597 1187 772 1251 ludentem.
816 1184 919 1260 Quem
943 1206 1016 1249 enm
1039 1183 1173 1268 diligen·

156 1276 223 1340 tius
253 1275 365 1340 intuiti
395 1275 547 1360 fuissent,
577 1278 753 1358 coeperunt
779 1273 935 1337 admirari
963 1272 1031 1337 eius
1059 1271 1175 1336 habili·
1258 1291 1262 1299 ·

158 1366 260 1427 tatem
286 1366 319 1426 et
341 1363 617 1446 pulchritudinem
637 1363 779 1427 dicentes
799 1365 833 1426 et
851 1364 1042 1445 quaerentes
1067 1360 1108 1424 ab
1129 1381 1176 1443 eo,

157 1451 307 1535 quisnam
343 1455 430 1515 esset
460 1455 554 1534 pater
586 1451 655 1516 eius
684 1454 716 1515 et
751 1470 814 1533 quo
841 1450 973 1514 nomine
996 1451 1176 1513 vocaretur.

159 1539 221 1616 Qui
243 1539 444 1624 respondens
468 1540 529 1604 ait:
559 1539 643 1623 ‘quis
668 1539 711 1604 sit
734 1541 827 1621 pater
845 1559 936 1601 meus
959 1538 1080 1621 nescio,
1103 1537 1178 1622 quia

117 1646 143 1688 1s
157 1629 228 1711 ipse
251 1628 289 1692 de
312 1628 375 1693 hac
398 1629 466 1692 vita
490 1628 638 1692 sublatus
661 1627 731 1692 fore
755 1626 885 1710 dicitur,
918 1629 1093 1710 antequam
1117 1646 1176 1710 ego

157 1720 255 1780 natus
274 1737 388 1780 essem.
426 1715 488 1780 Sed
507 1716 591 1799 scio,
615 1715 701 1799 quod
720 1714 825 1779 habeo
845 1717 983 1779 matrem
1001 1736 1177 1798 pauperem

158 1805 328 1868 mulierem
352 1807 386 1868 et
407 1825 506 1869 vocor
529 1826 568 1868 ex
591 1803 722 1869 nomine
746 1801 1003 1868 Constantinus'.

193 1908 200 1926 ·
248 1891 319 1968 Quo
341 1891 452 1956 audito
476 1892 649 1957 consilium
672 1891 858 1956 habuerunt
880 1891 958 1956 dicti
982 1889 1211 1956 mercatores'l

158 1981 243 2045 inter
262 2003 296 2046 se
315 1980 473 2046 dicentes:
502 1979 606 2064 ‘Quia
625 1983 736 2063 putas,
754 1980 817 2044 iste
835 2002 916 2064 puer
935 1980 1019 2045 erit?
1056 1979 1179 2044 Educe-

1 2085 2 2088 ’
118 2089 145 2128 ro
159 2091 232 2134 mus
253 2070 361 2152 ipsum
380 2072 414 2133 et
431 2069 527 2133 bonis
546 2069 691 2133 moribus
709 2069 909 2132 instruamus
930 2072 963 2132 et
982 2069 1022 2132 ad
1040 2069 1179 2152 impera·

158 2161 265 2222 torem
281 2156 479 2221 Graecorum
497 2157 668 2222 nobiscum
686 2157 899 2240 perducamus
919 2156 1072 2239 dicentes,
1092 2157 1178 2240 quod

160 2245 206 2309 sit
233 2245 319 2309 filius
348 2245 471 2309 domini
497 2246 604 2310 nostri
627 2244 851 2310 Romanorum
876 2246 1096 2329 imperatoris,
1125 2246 1180 2330 qui

160 2332 241 2396 velit
267 2355 341 2397 eum
370 2354 447 2398 suae
473 2333 561 2398 filiae
588 2333 624 2398 in
647 2333 817 2418 coniugem
847 2337 880 2398 et
907 2334 1061 2399 maritum
1085 2343 1204 2417 copu-'

162 2420 231 2484 lare
255 2425 288 2485 et
310 2443 424 2504 pacem
447 2425 641 2506 perpetuam
665 2443 772 2486 secum
797 2422 910 2486 exinde
932 2421 1123 2487 contrahere
1147 2426 1180 2487 et

124 2525 150 2566 ss
168 2530 307 2574 servare.
335 2508 398 2584 Qui
416 2510 549 2594 gavisus
568 2510 669 2574 filiam
685 2532 777 2574 suam
792 2510 857 2574 sibi
875 2511 982 2574 tradet
1000 2511 1034 2574 in
1047 2532 1180 2576 uxorem

164 2599 198 2662 et
226 2618 298 2661 eam
326 2597 496 2662 nobiscum
523 2621 589 2663 una
612 2620 684 2663 cum
707 2599 780 2683 ipso
804 2620 842 2662 ac
860 2598 998 2663 navibus
1022 2599 1060 2662 de
1083 2600 1179 2664 bonis

162 2686 383 2751 mercimoniis
412 2687 555 2752 oneratis
582 2688 730 2752 remittet
757 2690 790 2752 et
818 2687 864 2752 sic
890 2709 950 2770 per
972 2687 1070 2752 istam
1093 2688 1180 2753 viam

162 2774 355 2858 locupletari
382 2774 562 2858 poterimus
590 2797 663 2839 cum
690 2776 816 2840 iactura
843 2778 877 2839 et
908 2776 1180 2841 circumventione

161 2861 306 2927 hostium
324 2861 569 2928 Romanorum'.
601 2862 693 2939 Quod
712 2864 884 2928 consilinm
902 2884 976 2928 cum
994 2864 1181 2949 placuisset,

119 2986 145 3028 30
161 2954 356 3033 acceperunt
372 2951 574 3035 praedictum
592 2972 730 3035 puerum
747 2949 999 3016 Constantinum
1018 2957 1051 3017 et
1070 2975 1179 3018 secum

159 3039 200 3103 ad
224 3038 355 3103 domum
374 3061 466 3105 suam
484 3039 696 3123 perducentes
720 3041 890 3124 ipsumque
909 3039 948 3103 de
968 3041 1062 3105 bonis
1081 3042 1179 3106 vesti-

158 3127 219 3192 bus
238 3126 410 3192 induentes
430 3133 596 3212 tamquam
616 3128 718 3192 filium
738 3130 908 3212 proprium
927 3150 985 3212 per
1003 3129 1178 3194 triennium

230 3291 245 3340 2
273 3283 401 3337 additum
426 3286 516 3353 codd,
547 3284 657 3339 aditum
687 3287 802 3340 corraei.
910 3291 928 3339 4
958 3283 1075 3340 cottidie
1101 3286 1178 3341 codd.

161 3361 176 3409 7
200 3355 347 3426 spaciandi
369 3357 445 3411 codd.
556 3361 589 3411 15
612 3357 672 3410 fore
696 3362 729 3410 ut
751 3357 817 3411 aliia
840 3356 907 3411 loeis
928 3357 1000 3411 idem
1026 3357 1099 3426 quod
1117 3372 1178 3410 esse

159 3427 304 3495 sipaificat.
391 3433 426 3482 20
445 3429 475 3482 et
493 3426 534 3494 F,
553 3429 582 3482 et
602 3426 628 3480 d'
648 3426 880 3494 D;instn1emns
899 3428 976 3482 codd.
1071 3431 1104 3480 25
1124 3424 1179 3481 sibi

159 3502 192 3553 ut
208 3499 362 3568 saepissime
380 3499 412 3554 ia
429 3500 479 3554 too
496 3499 586 3555 libello
604 3499 675 3553 idem
693 3515 725 3553 ac
744 3497 771 3552 ei
787 3499 936 3568 aipaifieat.
